{
  "lastUpdated": "2026-02-14T19:07:30.291391",
  "totalStocks": 30,
  "dataVersion": "1.0-three-statement-model",
  "dataSource": "yfinance",
  "dataQuality": "Institutional grade - 5 year historicals",
  "stocks": {
    "AAPL": {
      "symbol": "AAPL",
      "name": "Apple Inc.",
      "sector": "Technology",
      "industry": "Consumer Electronics",
      "price": 255.78,
      "marketCap": 3759435415552,
      "sharesOutstanding": 14681140000,
      "incomeStatements": [
        {
          "date": "2025-09-30",
          "revenue": 416161000000.0,
          "costOfRevenue": 220960000000.0,
          "grossProfit": 195201000000.0,
          "operatingExpenses": 62151000000.0,
          "operatingIncome": 133050000000.0,
          "ebit": 133050000000.0,
          "interestExpense": 0,
          "pretaxIncome": 132729000000.0,
          "incomeTax": 20719000000.0,
          "netIncome": 112010000000.0
        },
        {
          "date": "2024-09-30",
          "revenue": 391035000000.0,
          "costOfRevenue": 210352000000.0,
          "grossProfit": 180683000000.0,
          "operatingExpenses": 57467000000.0,
          "operatingIncome": 123216000000.0,
          "ebit": 123216000000.0,
          "interestExpense": 0,
          "pretaxIncome": 123485000000.0,
          "incomeTax": 29749000000.0,
          "netIncome": 93736000000.0
        },
        {
          "date": "2023-09-30",
          "revenue": 383285000000.0,
          "costOfRevenue": 214137000000.0,
          "grossProfit": 169148000000.0,
          "operatingExpenses": 54847000000.0,
          "operatingIncome": 114301000000.0,
          "ebit": 114301000000.0,
          "interestExpense": 3933000000.0,
          "pretaxIncome": 113736000000.0,
          "incomeTax": 16741000000.0,
          "netIncome": 96995000000.0
        },
        {
          "date": "2022-09-30",
          "revenue": 394328000000.0,
          "costOfRevenue": 223546000000.0,
          "grossProfit": 170782000000.0,
          "operatingExpenses": 51345000000.0,
          "operatingIncome": 119437000000.0,
          "ebit": 119437000000.0,
          "interestExpense": 2931000000.0,
          "pretaxIncome": 119103000000.0,
          "incomeTax": 19300000000.0,
          "netIncome": 99803000000.0
        },
        {
          "date": "2021-09-30",
          "revenue": 0,
          "costOfRevenue": 0,
          "grossProfit": 0,
          "operatingExpenses": 0,
          "operatingIncome": 0,
          "ebit": 0,
          "interestExpense": 2645000000.0,
          "pretaxIncome": 0,
          "incomeTax": 0,
          "netIncome": 0
        }
      ],
      "balanceSheets": [
        {
          "date": "2025-09-30",
          "cashAndEquivalents": 35934000000.0,
          "accountsReceivable": 39777000000.0,
          "inventory": 5718000000.0,
          "currentAssets": 147957000000.0,
          "ppe": 49834000000.0,
          "totalAssets": 359241000000.0,
          "accountsPayable": 69860000000.0,
          "currentDebt": 20329000000.0,
          "currentLiabilities": 165631000000.0,
          "longTermDebt": 78328000000.0,
          "totalLiabilities": 285508000000.0,
          "totalEquity": 73733000000.0
        },
        {
          "date": "2024-09-30",
          "cashAndEquivalents": 29943000000.0,
          "accountsReceivable": 33410000000.0,
          "inventory": 7286000000.0,
          "currentAssets": 152987000000.0,
          "ppe": 45680000000.0,
          "totalAssets": 364980000000.0,
          "accountsPayable": 68960000000.0,
          "currentDebt": 20879000000.0,
          "currentLiabilities": 176392000000.0,
          "longTermDebt": 85750000000.0,
          "totalLiabilities": 308030000000.0,
          "totalEquity": 56950000000.0
        },
        {
          "date": "2023-09-30",
          "cashAndEquivalents": 29965000000.0,
          "accountsReceivable": 29508000000.0,
          "inventory": 6331000000.0,
          "currentAssets": 143566000000.0,
          "ppe": 43715000000.0,
          "totalAssets": 352583000000.0,
          "accountsPayable": 62611000000.0,
          "currentDebt": 15807000000.0,
          "currentLiabilities": 145308000000.0,
          "longTermDebt": 95281000000.0,
          "totalLiabilities": 290437000000.0,
          "totalEquity": 62146000000.0
        },
        {
          "date": "2022-09-30",
          "cashAndEquivalents": 23646000000.0,
          "accountsReceivable": 28184000000.0,
          "inventory": 4946000000.0,
          "currentAssets": 135405000000.0,
          "ppe": 42117000000.0,
          "totalAssets": 352755000000.0,
          "accountsPayable": 64115000000.0,
          "currentDebt": 21110000000.0,
          "currentLiabilities": 153982000000.0,
          "longTermDebt": 98959000000.0,
          "totalLiabilities": 302083000000.0,
          "totalEquity": 50672000000.0
        },
        {
          "date": "2021-09-30",
          "cashAndEquivalents": 0,
          "accountsReceivable": 0,
          "inventory": 0,
          "currentAssets": 0,
          "ppe": 0,
          "totalAssets": 0,
          "accountsPayable": 0,
          "currentDebt": 0,
          "currentLiabilities": 0,
          "longTermDebt": 0,
          "totalLiabilities": 0,
          "totalEquity": 0
        }
      ],
      "cashFlows": [
        {
          "date": "2025-09-30",
          "operatingCashFlow": 111482000000.0,
          "capex": -12715000000.0,
          "freeCashFlow": 98767000000.0,
          "dividendsPaid": -15421000000.0,
          "debtIssuance": 4481000000.0,
          "debtRepayment": -10932000000.0
        },
        {
          "date": "2024-09-30",
          "operatingCashFlow": 118254000000.0,
          "capex": -9447000000.0,
          "freeCashFlow": 108807000000.0,
          "dividendsPaid": -15234000000.0,
          "debtIssuance": 0.0,
          "debtRepayment": -9958000000.0
        },
        {
          "date": "2023-09-30",
          "operatingCashFlow": 110543000000.0,
          "capex": -10959000000.0,
          "freeCashFlow": 99584000000.0,
          "dividendsPaid": -15025000000.0,
          "debtIssuance": 5228000000.0,
          "debtRepayment": -11151000000.0
        },
        {
          "date": "2022-09-30",
          "operatingCashFlow": 122151000000.0,
          "capex": -10708000000.0,
          "freeCashFlow": 111443000000.0,
          "dividendsPaid": -14841000000.0,
          "debtIssuance": 5465000000.0,
          "debtRepayment": -9543000000.0
        },
        {
          "date": "2021-09-30",
          "operatingCashFlow": 0,
          "capex": 0,
          "freeCashFlow": 0,
          "dividendsPaid": 0,
          "debtIssuance": 0,
          "debtRepayment": 0
        }
      ],
      "currentMetrics": {
        "pe": 32.38,
        "forwardPE": 27.54,
        "priceToBook": 42.64,
        "priceToSales": 8.63,
        "debtToEquity": 102.63,
        "currentRatio": 0.97,
        "quickRatio": 0.84,
        "roe": 152.02,
        "roa": 24.38,
        "beta": 1.11
      },
      "lastUpdated": "2026-02-14T19:05:36.598479",
      "dataQuality": "3-statement-model",
      "dataSource": "yfinance"
    },
    "MSFT": {
      "symbol": "MSFT",
      "name": "Microsoft Corporation",
      "sector": "Technology",
      "industry": "Software - Infrastructure",
      "price": 401.32,
      "marketCap": 2982761988096,
      "sharesOutstanding": 7425629076,
      "incomeStatements": [
        {
          "date": "2025-06-30",
          "revenue": 281724000000.0,
          "costOfRevenue": 87831000000.0,
          "grossProfit": 193893000000.0,
          "operatingExpenses": 65365000000.0,
          "operatingIncome": 128528000000.0,
          "ebit": 126012000000.0,
          "interestExpense": 2385000000.0,
          "pretaxIncome": 123627000000.0,
          "incomeTax": 21795000000.0,
          "netIncome": 101832000000.0
        },
        {
          "date": "2024-06-30",
          "revenue": 245122000000.0,
          "costOfRevenue": 74114000000.0,
          "grossProfit": 171008000000.0,
          "operatingExpenses": 61575000000.0,
          "operatingIncome": 109433000000.0,
          "ebit": 110722000000.0,
          "interestExpense": 2935000000.0,
          "pretaxIncome": 107787000000.0,
          "incomeTax": 19651000000.0,
          "netIncome": 88136000000.0
        },
        {
          "date": "2023-06-30",
          "revenue": 211915000000.0,
          "costOfRevenue": 65863000000.0,
          "grossProfit": 146052000000.0,
          "operatingExpenses": 57529000000.0,
          "operatingIncome": 88523000000.0,
          "ebit": 91279000000.0,
          "interestExpense": 1968000000.0,
          "pretaxIncome": 89311000000.0,
          "incomeTax": 16950000000.0,
          "netIncome": 72361000000.0
        },
        {
          "date": "2022-06-30",
          "revenue": 198270000000.0,
          "costOfRevenue": 62650000000.0,
          "grossProfit": 135620000000.0,
          "operatingExpenses": 52237000000.0,
          "operatingIncome": 83383000000.0,
          "ebit": 85779000000.0,
          "interestExpense": 2063000000.0,
          "pretaxIncome": 83716000000.0,
          "incomeTax": 10978000000.0,
          "netIncome": 72738000000.0
        }
      ],
      "balanceSheets": [
        {
          "date": "2025-06-30",
          "cashAndEquivalents": 30242000000.0,
          "accountsReceivable": 69905000000.0,
          "inventory": 938000000.0,
          "currentAssets": 191131000000.0,
          "ppe": 229789000000.0,
          "totalAssets": 619003000000.0,
          "accountsPayable": 27724000000.0,
          "currentDebt": 2999000000.0,
          "currentLiabilities": 141218000000.0,
          "longTermDebt": 40152000000.0,
          "totalLiabilities": 275524000000.0,
          "totalEquity": 343479000000.0
        },
        {
          "date": "2024-06-30",
          "cashAndEquivalents": 18315000000.0,
          "accountsReceivable": 56924000000.0,
          "inventory": 1246000000.0,
          "currentAssets": 159734000000.0,
          "ppe": 154552000000.0,
          "totalAssets": 512163000000.0,
          "accountsPayable": 21996000000.0,
          "currentDebt": 8942000000.0,
          "currentLiabilities": 125286000000.0,
          "longTermDebt": 42688000000.0,
          "totalLiabilities": 243686000000.0,
          "totalEquity": 268477000000.0
        },
        {
          "date": "2023-06-30",
          "cashAndEquivalents": 34704000000.0,
          "accountsReceivable": 48688000000.0,
          "inventory": 2500000000.0,
          "currentAssets": 184257000000.0,
          "ppe": 109987000000.0,
          "totalAssets": 411976000000.0,
          "accountsPayable": 18095000000.0,
          "currentDebt": 5247000000.0,
          "currentLiabilities": 104149000000.0,
          "longTermDebt": 41990000000.0,
          "totalLiabilities": 205753000000.0,
          "totalEquity": 206223000000.0
        },
        {
          "date": "2022-06-30",
          "cashAndEquivalents": 13931000000.0,
          "accountsReceivable": 44261000000.0,
          "inventory": 3742000000.0,
          "currentAssets": 169684000000.0,
          "ppe": 87546000000.0,
          "totalAssets": 364840000000.0,
          "accountsPayable": 19000000000.0,
          "currentDebt": 2749000000.0,
          "currentLiabilities": 95082000000.0,
          "longTermDebt": 47032000000.0,
          "totalLiabilities": 198298000000.0,
          "totalEquity": 166542000000.0
        },
        {
          "date": "2021-06-30",
          "cashAndEquivalents": 0,
          "accountsReceivable": 0,
          "inventory": 0,
          "currentAssets": 0,
          "ppe": 0,
          "totalAssets": 0,
          "accountsPayable": 0,
          "currentDebt": 0,
          "currentLiabilities": 0,
          "longTermDebt": 0,
          "totalLiabilities": 0,
          "totalEquity": 0
        }
      ],
      "cashFlows": [
        {
          "date": "2025-06-30",
          "operatingCashFlow": 136162000000.0,
          "capex": -64551000000.0,
          "freeCashFlow": 71611000000.0,
          "dividendsPaid": -24082000000.0,
          "debtIssuance": 0.0,
          "debtRepayment": -3216000000.0
        },
        {
          "date": "2024-06-30",
          "operatingCashFlow": 118548000000.0,
          "capex": -44477000000.0,
          "freeCashFlow": 74071000000.0,
          "dividendsPaid": -21771000000.0,
          "debtIssuance": 24395000000.0,
          "debtRepayment": -29070000000.0
        },
        {
          "date": "2023-06-30",
          "operatingCashFlow": 87582000000.0,
          "capex": -28107000000.0,
          "freeCashFlow": 59475000000.0,
          "dividendsPaid": -19800000000.0,
          "debtIssuance": 0.0,
          "debtRepayment": -2750000000.0
        },
        {
          "date": "2022-06-30",
          "operatingCashFlow": 89035000000.0,
          "capex": -23886000000.0,
          "freeCashFlow": 65149000000.0,
          "dividendsPaid": -18135000000.0,
          "debtIssuance": 0.0,
          "debtRepayment": -9023000000.0
        },
        {
          "date": "2021-06-30",
          "operatingCashFlow": 0,
          "capex": 0,
          "freeCashFlow": 0,
          "dividendsPaid": 0,
          "debtIssuance": 0,
          "debtRepayment": 0
        }
      ],
      "currentMetrics": {
        "pe": 25.13,
        "forwardPE": 21.29,
        "priceToBook": 7.63,
        "priceToSales": 9.77,
        "debtToEquity": 31.54,
        "currentRatio": 1.39,
        "quickRatio": 1.24,
        "roe": 34.39,
        "roa": 14.86,
        "beta": 1.08
      },
      "lastUpdated": "2026-02-14T19:05:40.489170",
      "dataQuality": "3-statement-model",
      "dataSource": "yfinance"
    },
    "GOOGL": {
      "symbol": "GOOGL",
      "name": "Alphabet Inc.",
      "sector": "Communication Services",
      "industry": "Internet Content & Information",
      "price": 305.72,
      "marketCap": 3698295046144,
      "sharesOutstanding": 5822000000,
      "incomeStatements": [
        {
          "date": "2025-12-31",
          "revenue": 402836000000.0,
          "costOfRevenue": 162535000000.0,
          "grossProfit": 240301000000.0,
          "operatingExpenses": 111262000000.0,
          "operatingIncome": 129039000000.0,
          "ebit": 159562000000.0,
          "interestExpense": 736000000.0,
          "pretaxIncome": 158826000000.0,
          "incomeTax": 26656000000.0,
          "netIncome": 132170000000.0
        },
        {
          "date": "2024-12-31",
          "revenue": 350018000000.0,
          "costOfRevenue": 146306000000.0,
          "grossProfit": 203712000000.0,
          "operatingExpenses": 91322000000.0,
          "operatingIncome": 112390000000.0,
          "ebit": 120083000000.0,
          "interestExpense": 268000000.0,
          "pretaxIncome": 119815000000.0,
          "incomeTax": 19697000000.0,
          "netIncome": 100118000000.0
        },
        {
          "date": "2023-12-31",
          "revenue": 307394000000.0,
          "costOfRevenue": 133332000000.0,
          "grossProfit": 174062000000.0,
          "operatingExpenses": 89769000000.0,
          "operatingIncome": 84293000000.0,
          "ebit": 86025000000.0,
          "interestExpense": 308000000.0,
          "pretaxIncome": 85717000000.0,
          "incomeTax": 11922000000.0,
          "netIncome": 73795000000.0
        },
        {
          "date": "2022-12-31",
          "revenue": 282836000000.0,
          "costOfRevenue": 126203000000.0,
          "grossProfit": 156633000000.0,
          "operatingExpenses": 81791000000.0,
          "operatingIncome": 74842000000.0,
          "ebit": 71685000000.0,
          "interestExpense": 357000000.0,
          "pretaxIncome": 71328000000.0,
          "incomeTax": 11356000000.0,
          "netIncome": 59972000000.0
        },
        {
          "date": "2021-12-31",
          "revenue": 0,
          "costOfRevenue": 0,
          "grossProfit": 0,
          "operatingExpenses": 0,
          "operatingIncome": 0,
          "ebit": 0,
          "interestExpense": 0,
          "pretaxIncome": 0,
          "incomeTax": 0,
          "netIncome": 0
        }
      ],
      "balanceSheets": [
        {
          "date": "2025-12-31",
          "cashAndEquivalents": 30708000000.0,
          "accountsReceivable": 62886000000.0,
          "inventory": 0,
          "currentAssets": 206038000000.0,
          "ppe": 261818000000.0,
          "totalAssets": 595281000000.0,
          "accountsPayable": 12200000000.0,
          "currentDebt": 0,
          "currentLiabilities": 102745000000.0,
          "longTermDebt": 46547000000.0,
          "totalLiabilities": 180016000000.0,
          "totalEquity": 415265000000.0
        },
        {
          "date": "2024-12-31",
          "cashAndEquivalents": 23466000000.0,
          "accountsReceivable": 52340000000.0,
          "inventory": 0,
          "currentAssets": 163711000000.0,
          "ppe": 184624000000.0,
          "totalAssets": 450256000000.0,
          "accountsPayable": 7987000000.0,
          "currentDebt": 0,
          "currentLiabilities": 89122000000.0,
          "longTermDebt": 10883000000.0,
          "totalLiabilities": 125172000000.0,
          "totalEquity": 325084000000.0
        },
        {
          "date": "2023-12-31",
          "cashAndEquivalents": 24048000000.0,
          "accountsReceivable": 47964000000.0,
          "inventory": 0,
          "currentAssets": 171530000000.0,
          "ppe": 148436000000.0,
          "totalAssets": 402392000000.0,
          "accountsPayable": 7493000000.0,
          "currentDebt": 0,
          "currentLiabilities": 81814000000.0,
          "longTermDebt": 11870000000.0,
          "totalLiabilities": 119013000000.0,
          "totalEquity": 283379000000.0
        },
        {
          "date": "2022-12-31",
          "cashAndEquivalents": 21879000000.0,
          "accountsReceivable": 40258000000.0,
          "inventory": 2670000000.0,
          "currentAssets": 164795000000.0,
          "ppe": 127049000000.0,
          "totalAssets": 365264000000.0,
          "accountsPayable": 5128000000.0,
          "currentDebt": 0,
          "currentLiabilities": 69300000000.0,
          "longTermDebt": 12857000000.0,
          "totalLiabilities": 109120000000.0,
          "totalEquity": 256144000000.0
        },
        {
          "date": "2021-12-31",
          "cashAndEquivalents": 0,
          "accountsReceivable": 0,
          "inventory": 1170000000.0,
          "currentAssets": 0,
          "ppe": 0,
          "totalAssets": 0,
          "accountsPayable": 0,
          "currentDebt": 0,
          "currentLiabilities": 0,
          "longTermDebt": 0,
          "totalLiabilities": 0,
          "totalEquity": 0
        }
      ],
      "cashFlows": [
        {
          "date": "2025-12-31",
          "operatingCashFlow": 164713000000.0,
          "capex": -91447000000.0,
          "freeCashFlow": 73266000000.0,
          "dividendsPaid": -10049000000.0,
          "debtIssuance": 64564000000.0,
          "debtRepayment": -32427000000.0
        },
        {
          "date": "2024-12-31",
          "operatingCashFlow": 125299000000.0,
          "capex": -52535000000.0,
          "freeCashFlow": 72764000000.0,
          "dividendsPaid": -7363000000.0,
          "debtIssuance": 13589000000.0,
          "debtRepayment": -12701000000.0
        },
        {
          "date": "2023-12-31",
          "operatingCashFlow": 101746000000.0,
          "capex": -32251000000.0,
          "freeCashFlow": 69495000000.0,
          "dividendsPaid": 0.0,
          "debtIssuance": 10790000000.0,
          "debtRepayment": -11550000000.0
        },
        {
          "date": "2022-12-31",
          "operatingCashFlow": 91495000000.0,
          "capex": -31485000000.0,
          "freeCashFlow": 60010000000.0,
          "dividendsPaid": 0.0,
          "debtIssuance": 52872000000.0,
          "debtRepayment": -54068000000.0
        },
        {
          "date": "2021-12-31",
          "operatingCashFlow": 0,
          "capex": 0,
          "freeCashFlow": 0,
          "dividendsPaid": 0,
          "debtIssuance": 0,
          "debtRepayment": 0
        }
      ],
      "currentMetrics": {
        "pe": 28.26,
        "forwardPE": 22.89,
        "priceToBook": 8.9,
        "priceToSales": 9.18,
        "debtToEquity": 16.13,
        "currentRatio": 2.0,
        "quickRatio": 1.85,
        "roe": 35.71,
        "roa": 15.43,
        "beta": 1.09
      },
      "lastUpdated": "2026-02-14T19:05:44.392823",
      "dataQuality": "3-statement-model",
      "dataSource": "yfinance"
    },
    "AMZN": {
      "symbol": "AMZN",
      "name": "Amazon.com, Inc.",
      "sector": "Consumer Cyclical",
      "industry": "Internet Retail",
      "price": 198.79,
      "marketCap": 2133994766336,
      "sharesOutstanding": 10734920870,
      "incomeStatements": [
        {
          "date": "2025-12-31",
          "revenue": 716924000000.0,
          "costOfRevenue": 356414000000.0,
          "grossProfit": 360510000000.0,
          "operatingExpenses": 280535000000.0,
          "operatingIncome": 79975000000.0,
          "ebit": 99585000000.0,
          "interestExpense": 2274000000.0,
          "pretaxIncome": 97311000000.0,
          "incomeTax": 19087000000.0,
          "netIncome": 77670000000.0
        },
        {
          "date": "2024-12-31",
          "revenue": 637959000000.0,
          "costOfRevenue": 326288000000.0,
          "grossProfit": 311671000000.0,
          "operatingExpenses": 243078000000.0,
          "operatingIncome": 68593000000.0,
          "ebit": 71020000000.0,
          "interestExpense": 2406000000.0,
          "pretaxIncome": 68614000000.0,
          "incomeTax": 9265000000.0,
          "netIncome": 59248000000.0
        },
        {
          "date": "2023-12-31",
          "revenue": 574785000000.0,
          "costOfRevenue": 304739000000.0,
          "grossProfit": 270046000000.0,
          "operatingExpenses": 233194000000.0,
          "operatingIncome": 36852000000.0,
          "ebit": 40739000000.0,
          "interestExpense": 3182000000.0,
          "pretaxIncome": 37557000000.0,
          "incomeTax": 7120000000.0,
          "netIncome": 30425000000.0
        },
        {
          "date": "2022-12-31",
          "revenue": 513983000000.0,
          "costOfRevenue": 288831000000.0,
          "grossProfit": 225152000000.0,
          "operatingExpenses": 212904000000.0,
          "operatingIncome": 12248000000.0,
          "ebit": -3569000000.0,
          "interestExpense": 2367000000.0,
          "pretaxIncome": -5936000000.0,
          "incomeTax": -3217000000.0,
          "netIncome": -2722000000.0
        }
      ],
      "balanceSheets": [
        {
          "date": "2025-12-31",
          "cashAndEquivalents": 86810000000.0,
          "accountsReceivable": 67729000000.0,
          "inventory": 38325000000.0,
          "currentAssets": 229083000000.0,
          "ppe": 443079000000.0,
          "totalAssets": 818042000000.0,
          "accountsPayable": 121909000000.0,
          "currentDebt": 0,
          "currentLiabilities": 218005000000.0,
          "longTermDebt": 65648000000.0,
          "totalLiabilities": 406977000000.0,
          "totalEquity": 411065000000.0
        },
        {
          "date": "2024-12-31",
          "cashAndEquivalents": 78779000000.0,
          "accountsReceivable": 55451000000.0,
          "inventory": 34214000000.0,
          "currentAssets": 190867000000.0,
          "ppe": 328806000000.0,
          "totalAssets": 624894000000.0,
          "accountsPayable": 94363000000.0,
          "currentDebt": 0,
          "currentLiabilities": 179431000000.0,
          "longTermDebt": 52623000000.0,
          "totalLiabilities": 338924000000.0,
          "totalEquity": 285970000000.0
        },
        {
          "date": "2023-12-31",
          "cashAndEquivalents": 73387000000.0,
          "accountsReceivable": 52253000000.0,
          "inventory": 33318000000.0,
          "currentAssets": 172351000000.0,
          "ppe": 276690000000.0,
          "totalAssets": 527854000000.0,
          "accountsPayable": 84981000000.0,
          "currentDebt": 0,
          "currentLiabilities": 164917000000.0,
          "longTermDebt": 58314000000.0,
          "totalLiabilities": 325979000000.0,
          "totalEquity": 201875000000.0
        },
        {
          "date": "2022-12-31",
          "cashAndEquivalents": 53888000000.0,
          "accountsReceivable": 42360000000.0,
          "inventory": 34405000000.0,
          "currentAssets": 146791000000.0,
          "ppe": 252838000000.0,
          "totalAssets": 462675000000.0,
          "accountsPayable": 79600000000.0,
          "currentDebt": 0,
          "currentLiabilities": 155393000000.0,
          "longTermDebt": 67150000000.0,
          "totalLiabilities": 316632000000.0,
          "totalEquity": 146043000000.0
        },
        {
          "date": "2021-12-31",
          "cashAndEquivalents": 0,
          "accountsReceivable": 0,
          "inventory": 0,
          "currentAssets": 0,
          "ppe": 0,
          "totalAssets": 0,
          "accountsPayable": 0,
          "currentDebt": 0,
          "currentLiabilities": 0,
          "longTermDebt": 0,
          "totalLiabilities": 0,
          "totalEquity": 0
        }
      ],
      "cashFlows": [
        {
          "date": "2025-12-31",
          "operatingCashFlow": 139514000000.0,
          "capex": -131819000000.0,
          "freeCashFlow": 7695000000.0,
          "dividendsPaid": 0,
          "debtIssuance": 24993000000.0,
          "debtRepayment": -15332000000.0
        },
        {
          "date": "2024-12-31",
          "operatingCashFlow": 115877000000.0,
          "capex": -82999000000.0,
          "freeCashFlow": 32878000000.0,
          "dividendsPaid": 0,
          "debtIssuance": 5142000000.0,
          "debtRepayment": -16954000000.0
        },
        {
          "date": "2023-12-31",
          "operatingCashFlow": 84946000000.0,
          "capex": -52729000000.0,
          "freeCashFlow": 32217000000.0,
          "dividendsPaid": 0,
          "debtIssuance": 18129000000.0,
          "debtRepayment": -34008000000.0
        },
        {
          "date": "2022-12-31",
          "operatingCashFlow": 46752000000.0,
          "capex": -63645000000.0,
          "freeCashFlow": -16893000000.0,
          "dividendsPaid": 0,
          "debtIssuance": 62719000000.0,
          "debtRepayment": -47001000000.0
        },
        {
          "date": "2021-12-31",
          "operatingCashFlow": 0,
          "capex": 0,
          "freeCashFlow": 0,
          "dividendsPaid": 0,
          "debtIssuance": 0,
          "debtRepayment": 0
        }
      ],
      "currentMetrics": {
        "pe": 27.69,
        "forwardPE": 21.4,
        "priceToBook": 5.19,
        "priceToSales": 2.98,
        "debtToEquity": 43.44,
        "currentRatio": 1.05,
        "quickRatio": 0.84,
        "roe": 22.29,
        "roa": 6.93,
        "beta": 1.39
      },
      "lastUpdated": "2026-02-14T19:05:48.273601",
      "dataQuality": "3-statement-model",
      "dataSource": "yfinance"
    },
    "NVDA": {
      "symbol": "NVDA",
      "name": "NVIDIA Corporation",
      "sector": "Technology",
      "industry": "Semiconductors",
      "price": 182.81,
      "marketCap": 4450875342848,
      "sharesOutstanding": 24305000000,
      "incomeStatements": [
        {
          "date": "2025-01-31",
          "revenue": 130497000000.0,
          "costOfRevenue": 32639000000.0,
          "grossProfit": 97858000000.0,
          "operatingExpenses": 16405000000.0,
          "operatingIncome": 81453000000.0,
          "ebit": 84273000000.0,
          "interestExpense": 247000000.0,
          "pretaxIncome": 84026000000.0,
          "incomeTax": 11146000000.0,
          "netIncome": 72880000000.0
        },
        {
          "date": "2024-01-31",
          "revenue": 60922000000.0,
          "costOfRevenue": 16621000000.0,
          "grossProfit": 44301000000.0,
          "operatingExpenses": 11329000000.0,
          "operatingIncome": 32972000000.0,
          "ebit": 34075000000.0,
          "interestExpense": 257000000.0,
          "pretaxIncome": 33818000000.0,
          "incomeTax": 4058000000.0,
          "netIncome": 29760000000.0
        },
        {
          "date": "2023-01-31",
          "revenue": 26974000000.0,
          "costOfRevenue": 11618000000.0,
          "grossProfit": 15356000000.0,
          "operatingExpenses": 9779000000.0,
          "operatingIncome": 5577000000.0,
          "ebit": 4443000000.0,
          "interestExpense": 262000000.0,
          "pretaxIncome": 4181000000.0,
          "incomeTax": -187000000.0,
          "netIncome": 4368000000.0
        },
        {
          "date": "2022-01-31",
          "revenue": 26914000000.0,
          "costOfRevenue": 9439000000.0,
          "grossProfit": 17475000000.0,
          "operatingExpenses": 7434000000.0,
          "operatingIncome": 10041000000.0,
          "ebit": 10177000000.0,
          "interestExpense": 236000000.0,
          "pretaxIncome": 9941000000.0,
          "incomeTax": 189000000.0,
          "netIncome": 9752000000.0
        }
      ],
      "balanceSheets": [
        {
          "date": "2025-01-31",
          "cashAndEquivalents": 8589000000.0,
          "accountsReceivable": 23065000000.0,
          "inventory": 10080000000.0,
          "currentAssets": 80126000000.0,
          "ppe": 8076000000.0,
          "totalAssets": 111601000000.0,
          "accountsPayable": 6310000000.0,
          "currentDebt": 0,
          "currentLiabilities": 18047000000.0,
          "longTermDebt": 8463000000.0,
          "totalLiabilities": 32274000000.0,
          "totalEquity": 79327000000.0
        },
        {
          "date": "2024-01-31",
          "cashAndEquivalents": 7280000000.0,
          "accountsReceivable": 9999000000.0,
          "inventory": 5282000000.0,
          "currentAssets": 44345000000.0,
          "ppe": 5260000000.0,
          "totalAssets": 65728000000.0,
          "accountsPayable": 2699000000.0,
          "currentDebt": 1250000000.0,
          "currentLiabilities": 10631000000.0,
          "longTermDebt": 8459000000.0,
          "totalLiabilities": 22750000000.0,
          "totalEquity": 42978000000.0
        },
        {
          "date": "2023-01-31",
          "cashAndEquivalents": 3389000000.0,
          "accountsReceivable": 3827000000.0,
          "inventory": 5159000000.0,
          "currentAssets": 23073000000.0,
          "ppe": 4845000000.0,
          "totalAssets": 41182000000.0,
          "accountsPayable": 1193000000.0,
          "currentDebt": 1250000000.0,
          "currentLiabilities": 6563000000.0,
          "longTermDebt": 9703000000.0,
          "totalLiabilities": 19081000000.0,
          "totalEquity": 22101000000.0
        },
        {
          "date": "2022-01-31",
          "cashAndEquivalents": 1990000000.0,
          "accountsReceivable": 4650000000.0,
          "inventory": 2605000000.0,
          "currentAssets": 28829000000.0,
          "ppe": 3607000000.0,
          "totalAssets": 44187000000.0,
          "accountsPayable": 1783000000.0,
          "currentDebt": 0,
          "currentLiabilities": 4335000000.0,
          "longTermDebt": 10946000000.0,
          "totalLiabilities": 17575000000.0,
          "totalEquity": 26612000000.0
        }
      ],
      "cashFlows": [
        {
          "date": "2025-01-31",
          "operatingCashFlow": 64089000000.0,
          "capex": -3236000000.0,
          "freeCashFlow": 60853000000.0,
          "dividendsPaid": -834000000.0,
          "debtIssuance": 0,
          "debtRepayment": -1250000000.0
        },
        {
          "date": "2024-01-31",
          "operatingCashFlow": 28090000000.0,
          "capex": -1069000000.0,
          "freeCashFlow": 27021000000.0,
          "dividendsPaid": -395000000.0,
          "debtIssuance": 0.0,
          "debtRepayment": -1250000000.0
        },
        {
          "date": "2023-01-31",
          "operatingCashFlow": 5641000000.0,
          "capex": -1833000000.0,
          "freeCashFlow": 3808000000.0,
          "dividendsPaid": -398000000.0,
          "debtIssuance": 0.0,
          "debtRepayment": 0.0
        },
        {
          "date": "2022-01-31",
          "operatingCashFlow": 9108000000.0,
          "capex": -976000000.0,
          "freeCashFlow": 8132000000.0,
          "dividendsPaid": -399000000.0,
          "debtIssuance": 4977000000.0,
          "debtRepayment": -1000000000.0
        }
      ],
      "currentMetrics": {
        "pe": 45.25,
        "forwardPE": 23.63,
        "priceToBook": 37.37,
        "priceToSales": 23.78,
        "debtToEquity": 9.1,
        "currentRatio": 4.47,
        "quickRatio": 3.6,
        "roe": 107.36,
        "roa": 53.53,
        "beta": 2.31
      },
      "lastUpdated": "2026-02-14T19:05:51.956420",
      "dataQuality": "3-statement-model",
      "dataSource": "yfinance"
    },
    "META": {
      "symbol": "META",
      "name": "Meta Platforms, Inc.",
      "sector": "Communication Services",
      "industry": "Internet Content & Information",
      "price": 639.77,
      "marketCap": 1618333794304,
      "sharesOutstanding": 2187177748,
      "incomeStatements": [
        {
          "date": "2025-12-31",
          "revenue": 200966000000.0,
          "costOfRevenue": 36175000000.0,
          "grossProfit": 164791000000.0,
          "operatingExpenses": 81515000000.0,
          "operatingIncome": 83276000000.0,
          "ebit": 87097000000.0,
          "interestExpense": 1165000000.0,
          "pretaxIncome": 85932000000.0,
          "incomeTax": 25474000000.0,
          "netIncome": 60458000000.0
        },
        {
          "date": "2024-12-31",
          "revenue": 164501000000.0,
          "costOfRevenue": 30161000000.0,
          "grossProfit": 134340000000.0,
          "operatingExpenses": 64960000000.0,
          "operatingIncome": 69380000000.0,
          "ebit": 71378000000.0,
          "interestExpense": 715000000.0,
          "pretaxIncome": 70663000000.0,
          "incomeTax": 8303000000.0,
          "netIncome": 62360000000.0
        },
        {
          "date": "2023-12-31",
          "revenue": 134902000000.0,
          "costOfRevenue": 25959000000.0,
          "grossProfit": 108943000000.0,
          "operatingExpenses": 62192000000.0,
          "operatingIncome": 46751000000.0,
          "ebit": 47874000000.0,
          "interestExpense": 446000000.0,
          "pretaxIncome": 47428000000.0,
          "incomeTax": 8330000000.0,
          "netIncome": 39098000000.0
        },
        {
          "date": "2022-12-31",
          "revenue": 116609000000.0,
          "costOfRevenue": 25249000000.0,
          "grossProfit": 91360000000.0,
          "operatingExpenses": 62416000000.0,
          "operatingIncome": 28944000000.0,
          "ebit": 29004000000.0,
          "interestExpense": 185000000.0,
          "pretaxIncome": 28819000000.0,
          "incomeTax": 5619000000.0,
          "netIncome": 23200000000.0
        },
        {
          "date": "2021-12-31",
          "revenue": 0,
          "costOfRevenue": 0,
          "grossProfit": 0,
          "operatingExpenses": 0,
          "operatingIncome": 0,
          "ebit": 0,
          "interestExpense": 0,
          "pretaxIncome": 0,
          "incomeTax": 0,
          "netIncome": 0
        }
      ],
      "balanceSheets": [
        {
          "date": "2025-12-31",
          "cashAndEquivalents": 35873000000.0,
          "accountsReceivable": 19769000000.0,
          "inventory": 0,
          "currentAssets": 108722000000.0,
          "ppe": 196804000000.0,
          "totalAssets": 366021000000.0,
          "accountsPayable": 8894000000.0,
          "currentDebt": 0,
          "currentLiabilities": 41836000000.0,
          "longTermDebt": 58744000000.0,
          "totalLiabilities": 148778000000.0,
          "totalEquity": 217243000000.0
        },
        {
          "date": "2024-12-31",
          "cashAndEquivalents": 43889000000.0,
          "accountsReceivable": 16994000000.0,
          "inventory": 0,
          "currentAssets": 100045000000.0,
          "ppe": 136268000000.0,
          "totalAssets": 276054000000.0,
          "accountsPayable": 7687000000.0,
          "currentDebt": 0,
          "currentLiabilities": 33596000000.0,
          "longTermDebt": 28826000000.0,
          "totalLiabilities": 93417000000.0,
          "totalEquity": 182637000000.0
        },
        {
          "date": "2023-12-31",
          "cashAndEquivalents": 41862000000.0,
          "accountsReceivable": 16169000000.0,
          "inventory": 0,
          "currentAssets": 85365000000.0,
          "ppe": 109881000000.0,
          "totalAssets": 229623000000.0,
          "accountsPayable": 4849000000.0,
          "currentDebt": 0,
          "currentLiabilities": 31960000000.0,
          "longTermDebt": 18385000000.0,
          "totalLiabilities": 76455000000.0,
          "totalEquity": 153168000000.0
        },
        {
          "date": "2022-12-31",
          "cashAndEquivalents": 14681000000.0,
          "accountsReceivable": 13466000000.0,
          "inventory": 0,
          "currentAssets": 59549000000.0,
          "ppe": 92191000000.0,
          "totalAssets": 185727000000.0,
          "accountsPayable": 4990000000.0,
          "currentDebt": 0,
          "currentLiabilities": 27026000000.0,
          "longTermDebt": 9923000000.0,
          "totalLiabilities": 60014000000.0,
          "totalEquity": 125713000000.0
        },
        {
          "date": "2021-12-31",
          "cashAndEquivalents": 0,
          "accountsReceivable": 0,
          "inventory": 0,
          "currentAssets": 0,
          "ppe": 0,
          "totalAssets": 0,
          "accountsPayable": 0,
          "currentDebt": 0,
          "currentLiabilities": 0,
          "longTermDebt": 0,
          "totalLiabilities": 0,
          "totalEquity": 0
        }
      ],
      "cashFlows": [
        {
          "date": "2025-12-31",
          "operatingCashFlow": 115800000000.0,
          "capex": -69691000000.0,
          "freeCashFlow": 46109000000.0,
          "dividendsPaid": -5324000000.0,
          "debtIssuance": 29906000000.0,
          "debtRepayment": -2524000000.0
        },
        {
          "date": "2024-12-31",
          "operatingCashFlow": 91328000000.0,
          "capex": -37256000000.0,
          "freeCashFlow": 54072000000.0,
          "dividendsPaid": -5072000000.0,
          "debtIssuance": 10432000000.0,
          "debtRepayment": -1969000000.0
        },
        {
          "date": "2023-12-31",
          "operatingCashFlow": 71113000000.0,
          "capex": -27045000000.0,
          "freeCashFlow": 44068000000.0,
          "dividendsPaid": 0.0,
          "debtIssuance": 8455000000.0,
          "debtRepayment": -1058000000.0
        },
        {
          "date": "2022-12-31",
          "operatingCashFlow": 50475000000.0,
          "capex": -31186000000.0,
          "freeCashFlow": 19289000000.0,
          "dividendsPaid": 0.0,
          "debtIssuance": 9921000000.0,
          "debtRepayment": -850000000.0
        },
        {
          "date": "2021-12-31",
          "operatingCashFlow": 0,
          "capex": 0,
          "freeCashFlow": 0,
          "dividendsPaid": 0,
          "debtIssuance": 0,
          "debtRepayment": 0
        }
      ],
      "currentMetrics": {
        "pe": 27.25,
        "forwardPE": 17.94,
        "priceToBook": 7.45,
        "priceToSales": 8.05,
        "debtToEquity": 39.16,
        "currentRatio": 2.6,
        "quickRatio": 2.42,
        "roe": 30.24,
        "roa": 16.21,
        "beta": 1.28
      },
      "lastUpdated": "2026-02-14T19:05:55.969355",
      "dataQuality": "3-statement-model",
      "dataSource": "yfinance"
    },
    "TSLA": {
      "symbol": "TSLA",
      "name": "Tesla, Inc.",
      "sector": "Consumer Cyclical",
      "industry": "Auto Manufacturers",
      "price": 417.44,
      "marketCap": 1566415126528,
      "sharesOutstanding": 3752431984,
      "incomeStatements": [
        {
          "date": "2025-12-31",
          "revenue": 94827000000.0,
          "costOfRevenue": 77733000000.0,
          "grossProfit": 17094000000.0,
          "operatingExpenses": 12245000000.0,
          "operatingIncome": 4849000000.0,
          "ebit": 5616000000.0,
          "interestExpense": 338000000.0,
          "pretaxIncome": 5278000000.0,
          "incomeTax": 1423000000.0,
          "netIncome": 3794000000.0
        },
        {
          "date": "2024-12-31",
          "revenue": 97690000000.0,
          "costOfRevenue": 80240000000.0,
          "grossProfit": 17450000000.0,
          "operatingExpenses": 9690000000.0,
          "operatingIncome": 7760000000.0,
          "ebit": 9340000000.0,
          "interestExpense": 350000000.0,
          "pretaxIncome": 8990000000.0,
          "incomeTax": 1837000000.0,
          "netIncome": 7130000000.0
        },
        {
          "date": "2023-12-31",
          "revenue": 96773000000.0,
          "costOfRevenue": 79113000000.0,
          "grossProfit": 17660000000.0,
          "operatingExpenses": 8769000000.0,
          "operatingIncome": 8891000000.0,
          "ebit": 10129000000.0,
          "interestExpense": 156000000.0,
          "pretaxIncome": 9973000000.0,
          "incomeTax": -5001000000.0,
          "netIncome": 14999000000.0
        },
        {
          "date": "2022-12-31",
          "revenue": 81462000000.0,
          "costOfRevenue": 60609000000.0,
          "grossProfit": 20853000000.0,
          "operatingExpenses": 7021000000.0,
          "operatingIncome": 13832000000.0,
          "ebit": 13910000000.0,
          "interestExpense": 191000000.0,
          "pretaxIncome": 13719000000.0,
          "incomeTax": 1132000000.0,
          "netIncome": 12583000000.0
        },
        {
          "date": "2021-12-31",
          "revenue": 0,
          "costOfRevenue": 0,
          "grossProfit": 0,
          "operatingExpenses": 0,
          "operatingIncome": 0,
          "ebit": 0,
          "interestExpense": 0,
          "pretaxIncome": 0,
          "incomeTax": 0,
          "netIncome": 0
        }
      ],
      "balanceSheets": [
        {
          "date": "2025-12-31",
          "cashAndEquivalents": 16513000000.0,
          "accountsReceivable": 4576000000.0,
          "inventory": 12392000000.0,
          "currentAssets": 68642000000.0,
          "ppe": 56180000000.0,
          "totalAssets": 137806000000.0,
          "accountsPayable": 13371000000.0,
          "currentDebt": 1569000000.0,
          "currentLiabilities": 31714000000.0,
          "longTermDebt": 6584000000.0,
          "totalLiabilities": 54941000000.0,
          "totalEquity": 82865000000.0
        },
        {
          "date": "2024-12-31",
          "cashAndEquivalents": 16139000000.0,
          "accountsReceivable": 4418000000.0,
          "inventory": 12017000000.0,
          "currentAssets": 58360000000.0,
          "ppe": 51506000000.0,
          "totalAssets": 122070000000.0,
          "accountsPayable": 12474000000.0,
          "currentDebt": 2343000000.0,
          "currentLiabilities": 28821000000.0,
          "longTermDebt": 5535000000.0,
          "totalLiabilities": 48390000000.0,
          "totalEquity": 73680000000.0
        },
        {
          "date": "2023-12-31",
          "cashAndEquivalents": 16398000000.0,
          "accountsReceivable": 3508000000.0,
          "inventory": 13626000000.0,
          "currentAssets": 49616000000.0,
          "ppe": 45124000000.0,
          "totalAssets": 106618000000.0,
          "accountsPayable": 14431000000.0,
          "currentDebt": 1975000000.0,
          "currentLiabilities": 28748000000.0,
          "longTermDebt": 2682000000.0,
          "totalLiabilities": 43009000000.0,
          "totalEquity": 63609000000.0
        },
        {
          "date": "2022-12-31",
          "cashAndEquivalents": 16253000000.0,
          "accountsReceivable": 2952000000.0,
          "inventory": 12839000000.0,
          "currentAssets": 40917000000.0,
          "ppe": 36635000000.0,
          "totalAssets": 82338000000.0,
          "accountsPayable": 15255000000.0,
          "currentDebt": 1016000000.0,
          "currentLiabilities": 26709000000.0,
          "longTermDebt": 1029000000.0,
          "totalLiabilities": 36440000000.0,
          "totalEquity": 45898000000.0
        },
        {
          "date": "2021-12-31",
          "cashAndEquivalents": 0,
          "accountsReceivable": 0,
          "inventory": 0,
          "currentAssets": 0,
          "ppe": 0,
          "totalAssets": 0,
          "accountsPayable": 0,
          "currentDebt": 0,
          "currentLiabilities": 0,
          "longTermDebt": 0,
          "totalLiabilities": 0,
          "totalEquity": 0
        }
      ],
      "cashFlows": [
        {
          "date": "2025-12-31",
          "operatingCashFlow": 14747000000.0,
          "capex": -8527000000.0,
          "freeCashFlow": 6220000000.0,
          "dividendsPaid": 0,
          "debtIssuance": 5586000000.0,
          "debtRepayment": -5650000000.0
        },
        {
          "date": "2024-12-31",
          "operatingCashFlow": 14923000000.0,
          "capex": -11342000000.0,
          "freeCashFlow": 3581000000.0,
          "dividendsPaid": 0,
          "debtIssuance": 5744000000.0,
          "debtRepayment": -2881000000.0
        },
        {
          "date": "2023-12-31",
          "operatingCashFlow": 13256000000.0,
          "capex": -8899000000.0,
          "freeCashFlow": 4357000000.0,
          "dividendsPaid": 0,
          "debtIssuance": 3931000000.0,
          "debtRepayment": -1815000000.0
        },
        {
          "date": "2022-12-31",
          "operatingCashFlow": 14724000000.0,
          "capex": -7172000000.0,
          "freeCashFlow": 7552000000.0,
          "dividendsPaid": 0,
          "debtIssuance": 0.0,
          "debtRepayment": -3866000000.0
        },
        {
          "date": "2021-12-31",
          "operatingCashFlow": 0,
          "capex": 0,
          "freeCashFlow": 0,
          "dividendsPaid": 0,
          "debtIssuance": 0,
          "debtRepayment": 0
        }
      ],
      "currentMetrics": {
        "pe": 382.97,
        "forwardPE": 148.86,
        "priceToBook": 19.06,
        "priceToSales": 16.52,
        "debtToEquity": 17.76,
        "currentRatio": 2.16,
        "quickRatio": 1.54,
        "roe": 4.93,
        "roa": 2.1,
        "beta": 1.89
      },
      "lastUpdated": "2026-02-14T19:06:00.007122",
      "dataQuality": "3-statement-model",
      "dataSource": "yfinance"
    },
    "NFLX": {
      "symbol": "NFLX",
      "name": "Netflix, Inc.",
      "sector": "Communication Services",
      "industry": "Entertainment",
      "price": 76.87,
      "marketCap": 326074073088,
      "sharesOutstanding": 4237323340,
      "incomeStatements": [
        {
          "date": "2025-12-31",
          "revenue": 45183036000.0,
          "costOfRevenue": 23275329000.0,
          "grossProfit": 21907707000.0,
          "operatingExpenses": 8581104000.0,
          "operatingIncome": 13326603000.0,
          "ebit": 13499062000.0,
          "interestExpense": 776510000.0,
          "pretaxIncome": 12722552000.0,
          "incomeTax": 1741351000.0,
          "netIncome": 10981201000.0
        },
        {
          "date": "2024-12-31",
          "revenue": 39000966000.0,
          "costOfRevenue": 21038464000.0,
          "grossProfit": 17962502000.0,
          "operatingExpenses": 7544888000.0,
          "operatingIncome": 10417614000.0,
          "ebit": 10684390000.0,
          "interestExpense": 718733000.0,
          "pretaxIncome": 9965657000.0,
          "incomeTax": 1254026000.0,
          "netIncome": 8711631000.0
        },
        {
          "date": "2023-12-31",
          "revenue": 33723297000.0,
          "costOfRevenue": 19715368000.0,
          "grossProfit": 14007929000.0,
          "operatingExpenses": 7053926000.0,
          "operatingIncome": 6954003000.0,
          "ebit": 6954003000.0,
          "interestExpense": 748598000.0,
          "pretaxIncome": 6205405000.0,
          "incomeTax": 797415000.0,
          "netIncome": 5407990000.0
        },
        {
          "date": "2022-12-31",
          "revenue": 31615550000.0,
          "costOfRevenue": 19168285000.0,
          "grossProfit": 12447265000.0,
          "operatingExpenses": 6814434000.0,
          "operatingIncome": 5632831000.0,
          "ebit": 5970141000.0,
          "interestExpense": 706212000.0,
          "pretaxIncome": 5263929000.0,
          "incomeTax": 772005000.0,
          "netIncome": 4491924000.0
        },
        {
          "date": "2021-12-31",
          "revenue": 0,
          "costOfRevenue": 0,
          "grossProfit": 0,
          "operatingExpenses": 0,
          "operatingIncome": 0,
          "ebit": 0,
          "interestExpense": 0,
          "pretaxIncome": 0,
          "incomeTax": 0,
          "netIncome": 0
        }
      ],
      "balanceSheets": [
        {
          "date": "2025-12-31",
          "cashAndEquivalents": 9033681000.0,
          "accountsReceivable": 2031476000.0,
          "inventory": 0,
          "currentAssets": 13020191000.0,
          "ppe": 2004350000.0,
          "totalAssets": 55596993000.0,
          "accountsPayable": 900612000.0,
          "currentDebt": 998865000.0,
          "currentLiabilities": 10980930000.0,
          "longTermDebt": 13463971000.0,
          "totalLiabilities": 28981505000.0,
          "totalEquity": 26615488000.0
        },
        {
          "date": "2024-12-31",
          "cashAndEquivalents": 7804733000.0,
          "accountsReceivable": 1335304000.0,
          "inventory": 0,
          "currentAssets": 13100379000.0,
          "ppe": 1593756000.0,
          "totalAssets": 53630374000.0,
          "accountsPayable": 899909000.0,
          "currentDebt": 1784453000.0,
          "currentLiabilities": 10755400000.0,
          "longTermDebt": 13798351000.0,
          "totalLiabilities": 28886807000.0,
          "totalEquity": 24743567000.0
        },
        {
          "date": "2023-12-31",
          "cashAndEquivalents": 7116913000.0,
          "accountsReceivable": 1287054000.0,
          "inventory": 0,
          "currentAssets": 9918133000.0,
          "ppe": 1491444000.0,
          "totalAssets": 48731992000.0,
          "accountsPayable": 747412000.0,
          "currentDebt": 399844000.0,
          "currentLiabilities": 8860655000.0,
          "longTermDebt": 14143417000.0,
          "totalLiabilities": 28143679000.0,
          "totalEquity": 20588313000.0
        },
        {
          "date": "2022-12-31",
          "cashAndEquivalents": 5147176000.0,
          "accountsReceivable": 988898000.0,
          "inventory": 0,
          "currentAssets": 9266473000.0,
          "ppe": 1398257000.0,
          "totalAssets": 48594768000.0,
          "accountsPayable": 671513000.0,
          "currentDebt": 0,
          "currentLiabilities": 7930974000.0,
          "longTermDebt": 14353076000.0,
          "totalLiabilities": 27817367000.0,
          "totalEquity": 20777401000.0
        },
        {
          "date": "2021-12-31",
          "cashAndEquivalents": 0,
          "accountsReceivable": 0,
          "inventory": 0,
          "currentAssets": 0,
          "ppe": 0,
          "totalAssets": 0,
          "accountsPayable": 0,
          "currentDebt": 699823000.0,
          "currentLiabilities": 0,
          "longTermDebt": 0,
          "totalLiabilities": 0,
          "totalEquity": 0
        }
      ],
      "cashFlows": [
        {
          "date": "2025-12-31",
          "operatingCashFlow": 10149273000.0,
          "capex": -688220000.0,
          "freeCashFlow": 9461053000.0,
          "dividendsPaid": 0,
          "debtIssuance": 0.0,
          "debtRepayment": -1833450000.0
        },
        {
          "date": "2024-12-31",
          "operatingCashFlow": 7361364000.0,
          "capex": -439538000.0,
          "freeCashFlow": 6921826000.0,
          "dividendsPaid": 0,
          "debtIssuance": 1794460000.0,
          "debtRepayment": -400000000.0
        },
        {
          "date": "2023-12-31",
          "operatingCashFlow": 7274301000.0,
          "capex": -348552000.0,
          "freeCashFlow": 6925749000.0,
          "dividendsPaid": 0,
          "debtIssuance": 0.0,
          "debtRepayment": 0.0
        },
        {
          "date": "2022-12-31",
          "operatingCashFlow": 2026257000.0,
          "capex": -407729000.0,
          "freeCashFlow": 1618528000.0,
          "dividendsPaid": 0,
          "debtIssuance": 0.0,
          "debtRepayment": -700000000.0
        },
        {
          "date": "2021-12-31",
          "operatingCashFlow": 0,
          "capex": 0,
          "freeCashFlow": 0,
          "dividendsPaid": 0,
          "debtIssuance": 0,
          "debtRepayment": 0
        }
      ],
      "currentMetrics": {
        "pe": 30.38,
        "forwardPE": 20.13,
        "priceToBook": 12.19,
        "priceToSales": 7.22,
        "debtToEquity": 63.78,
        "currentRatio": 1.19,
        "quickRatio": 1.06,
        "roe": 42.76,
        "roa": 15.25,
        "beta": 1.71
      },
      "lastUpdated": "2026-02-14T19:06:03.997416",
      "dataQuality": "3-statement-model",
      "dataSource": "yfinance"
    },
    "AMD": {
      "symbol": "AMD",
      "name": "Advanced Micro Devices, Inc.",
      "sector": "Technology",
      "industry": "Semiconductors",
      "price": 207.32,
      "marketCap": 338016796672,
      "sharesOutstanding": 1630410843,
      "incomeStatements": [
        {
          "date": "2025-12-31",
          "revenue": 34639000000.0,
          "costOfRevenue": 17487000000.0,
          "grossProfit": 17152000000.0,
          "operatingExpenses": 13458000000.0,
          "operatingIncome": 3694000000.0,
          "ebit": 4271000000.0,
          "interestExpense": 131000000.0,
          "pretaxIncome": 4140000000.0,
          "incomeTax": -103000000.0,
          "netIncome": 4335000000.0
        },
        {
          "date": "2024-12-31",
          "revenue": 25785000000.0,
          "costOfRevenue": 13060000000.0,
          "grossProfit": 12725000000.0,
          "operatingExpenses": 10639000000.0,
          "operatingIncome": 2086000000.0,
          "ebit": 2081000000.0,
          "interestExpense": 92000000.0,
          "pretaxIncome": 1989000000.0,
          "incomeTax": 381000000.0,
          "netIncome": 1641000000.0
        },
        {
          "date": "2023-12-31",
          "revenue": 22680000000.0,
          "costOfRevenue": 12220000000.0,
          "grossProfit": 10460000000.0,
          "operatingExpenses": 10059000000.0,
          "operatingIncome": 401000000.0,
          "ebit": 598000000.0,
          "interestExpense": 106000000.0,
          "pretaxIncome": 492000000.0,
          "incomeTax": -346000000.0,
          "netIncome": 854000000.0
        },
        {
          "date": "2022-12-31",
          "revenue": 23601000000.0,
          "costOfRevenue": 12998000000.0,
          "grossProfit": 10603000000.0,
          "operatingExpenses": 9339000000.0,
          "operatingIncome": 1264000000.0,
          "ebit": 1272000000.0,
          "interestExpense": 88000000.0,
          "pretaxIncome": 1184000000.0,
          "incomeTax": -122000000.0,
          "netIncome": 1320000000.0
        },
        {
          "date": "2021-12-31",
          "revenue": 0,
          "costOfRevenue": 0,
          "grossProfit": 0,
          "operatingExpenses": 0,
          "operatingIncome": 0,
          "ebit": 0,
          "interestExpense": 0,
          "pretaxIncome": 0,
          "incomeTax": 0,
          "netIncome": 0
        }
      ],
      "balanceSheets": [
        {
          "date": "2025-12-31",
          "cashAndEquivalents": 5539000000.0,
          "accountsReceivable": 6315000000.0,
          "inventory": 7920000000.0,
          "currentAssets": 26947000000.0,
          "ppe": 2312000000.0,
          "totalAssets": 76926000000.0,
          "accountsPayable": 2929000000.0,
          "currentDebt": 874000000.0,
          "currentLiabilities": 9455000000.0,
          "longTermDebt": 2348000000.0,
          "totalLiabilities": 13927000000.0,
          "totalEquity": 62999000000.0
        },
        {
          "date": "2024-12-31",
          "cashAndEquivalents": 3787000000.0,
          "accountsReceivable": 6192000000.0,
          "inventory": 5734000000.0,
          "currentAssets": 19049000000.0,
          "ppe": 1802000000.0,
          "totalAssets": 69226000000.0,
          "accountsPayable": 2466000000.0,
          "currentDebt": 0,
          "currentLiabilities": 7281000000.0,
          "longTermDebt": 1721000000.0,
          "totalLiabilities": 11658000000.0,
          "totalEquity": 57568000000.0
        },
        {
          "date": "2023-12-31",
          "cashAndEquivalents": 3933000000.0,
          "accountsReceivable": 4323000000.0,
          "inventory": 4351000000.0,
          "currentAssets": 16768000000.0,
          "ppe": 2222000000.0,
          "totalAssets": 67885000000.0,
          "accountsPayable": 2055000000.0,
          "currentDebt": 751000000.0,
          "currentLiabilities": 6689000000.0,
          "longTermDebt": 1717000000.0,
          "totalLiabilities": 11993000000.0,
          "totalEquity": 55892000000.0
        },
        {
          "date": "2022-12-31",
          "cashAndEquivalents": 4835000000.0,
          "accountsReceivable": 4126000000.0,
          "inventory": 3771000000.0,
          "currentAssets": 15019000000.0,
          "ppe": 1973000000.0,
          "totalAssets": 67580000000.0,
          "accountsPayable": 2493000000.0,
          "currentDebt": 0,
          "currentLiabilities": 6369000000.0,
          "longTermDebt": 2467000000.0,
          "totalLiabilities": 12830000000.0,
          "totalEquity": 54750000000.0
        },
        {
          "date": "2021-12-31",
          "cashAndEquivalents": 0,
          "accountsReceivable": 0,
          "inventory": 0,
          "currentAssets": 0,
          "ppe": 0,
          "totalAssets": 0,
          "accountsPayable": 0,
          "currentDebt": 312000000.0,
          "currentLiabilities": 0,
          "longTermDebt": 0,
          "totalLiabilities": 0,
          "totalEquity": 0
        }
      ],
      "cashFlows": [
        {
          "date": "2025-12-31",
          "operatingCashFlow": 7709000000.0,
          "capex": -974000000.0,
          "freeCashFlow": 6735000000.0,
          "dividendsPaid": 0,
          "debtIssuance": 2441000000.0,
          "debtRepayment": -950000000.0
        },
        {
          "date": "2024-12-31",
          "operatingCashFlow": 3041000000.0,
          "capex": -636000000.0,
          "freeCashFlow": 2405000000.0,
          "dividendsPaid": 0,
          "debtIssuance": 0.0,
          "debtRepayment": -750000000.0
        },
        {
          "date": "2023-12-31",
          "operatingCashFlow": 1667000000.0,
          "capex": -546000000.0,
          "freeCashFlow": 1121000000.0,
          "dividendsPaid": 0,
          "debtIssuance": 0.0,
          "debtRepayment": 0.0
        },
        {
          "date": "2022-12-31",
          "operatingCashFlow": 3565000000.0,
          "capex": -450000000.0,
          "freeCashFlow": 3115000000.0,
          "dividendsPaid": 0,
          "debtIssuance": 991000000.0,
          "debtRepayment": -312000000.0
        },
        {
          "date": "2021-12-31",
          "operatingCashFlow": 0,
          "capex": 0,
          "freeCashFlow": 0,
          "dividendsPaid": 0,
          "debtIssuance": 0,
          "debtRepayment": 0
        }
      ],
      "currentMetrics": {
        "pe": 79.43,
        "forwardPE": 19.46,
        "priceToBook": 5.36,
        "priceToSales": 9.76,
        "debtToEquity": 6.36,
        "currentRatio": 2.85,
        "quickRatio": 1.78,
        "roe": 7.08,
        "roa": 3.2,
        "beta": 1.95
      },
      "lastUpdated": "2026-02-14T19:06:08.034784",
      "dataQuality": "3-statement-model",
      "dataSource": "yfinance"
    },
    "ADBE": {
      "symbol": "ADBE",
      "name": "Adobe Inc.",
      "sector": "Technology",
      "industry": "Software - Application",
      "price": 263.97,
      "marketCap": 110497841152,
      "sharesOutstanding": 410500000,
      "incomeStatements": [
        {
          "date": "2025-11-30",
          "revenue": 23769000000.0,
          "costOfRevenue": 2551000000.0,
          "grossProfit": 21218000000.0,
          "operatingExpenses": 12512000000.0,
          "operatingIncome": 8706000000.0,
          "ebit": 8997000000.0,
          "interestExpense": 263000000.0,
          "pretaxIncome": 8734000000.0,
          "incomeTax": 1604000000.0,
          "netIncome": 7130000000.0
        },
        {
          "date": "2024-11-30",
          "revenue": 21505000000.0,
          "costOfRevenue": 2358000000.0,
          "grossProfit": 19147000000.0,
          "operatingExpenses": 11406000000.0,
          "operatingIncome": 7741000000.0,
          "ebit": 7100000000.0,
          "interestExpense": 169000000.0,
          "pretaxIncome": 6931000000.0,
          "incomeTax": 1371000000.0,
          "netIncome": 5560000000.0
        },
        {
          "date": "2023-11-30",
          "revenue": 19409000000.0,
          "costOfRevenue": 2354000000.0,
          "grossProfit": 17055000000.0,
          "operatingExpenses": 10405000000.0,
          "operatingIncome": 6650000000.0,
          "ebit": 6912000000.0,
          "interestExpense": 113000000.0,
          "pretaxIncome": 6799000000.0,
          "incomeTax": 1371000000.0,
          "netIncome": 5428000000.0
        },
        {
          "date": "2022-11-30",
          "revenue": 17606000000.0,
          "costOfRevenue": 2165000000.0,
          "grossProfit": 15441000000.0,
          "operatingExpenses": 9343000000.0,
          "operatingIncome": 6098000000.0,
          "ebit": 6120000000.0,
          "interestExpense": 112000000.0,
          "pretaxIncome": 6008000000.0,
          "incomeTax": 1252000000.0,
          "netIncome": 4756000000.0
        }
      ],
      "balanceSheets": [
        {
          "date": "2025-11-30",
          "cashAndEquivalents": 5431000000.0,
          "accountsReceivable": 2344000000.0,
          "inventory": 0,
          "currentAssets": 10163000000.0,
          "ppe": 2185000000.0,
          "totalAssets": 29496000000.0,
          "accountsPayable": 417000000.0,
          "currentDebt": 0,
          "currentLiabilities": 10200000000.0,
          "longTermDebt": 6210000000.0,
          "totalLiabilities": 17873000000.0,
          "totalEquity": 11623000000.0
        },
        {
          "date": "2024-11-30",
          "cashAndEquivalents": 7613000000.0,
          "accountsReceivable": 2072000000.0,
          "inventory": 0,
          "currentAssets": 11232000000.0,
          "ppe": 2217000000.0,
          "totalAssets": 30230000000.0,
          "accountsPayable": 361000000.0,
          "currentDebt": 1499000000.0,
          "currentLiabilities": 10521000000.0,
          "longTermDebt": 4129000000.0,
          "totalLiabilities": 16125000000.0,
          "totalEquity": 14105000000.0
        },
        {
          "date": "2023-11-30",
          "cashAndEquivalents": 7141000000.0,
          "accountsReceivable": 2224000000.0,
          "inventory": 0,
          "currentAssets": 11084000000.0,
          "ppe": 2388000000.0,
          "totalAssets": 29779000000.0,
          "accountsPayable": 314000000.0,
          "currentDebt": 0,
          "currentLiabilities": 8251000000.0,
          "longTermDebt": 3634000000.0,
          "totalLiabilities": 13261000000.0,
          "totalEquity": 16518000000.0
        },
        {
          "date": "2022-11-30",
          "cashAndEquivalents": 4236000000.0,
          "accountsReceivable": 2065000000.0,
          "inventory": 0,
          "currentAssets": 8996000000.0,
          "ppe": 2315000000.0,
          "totalAssets": 27165000000.0,
          "accountsPayable": 379000000.0,
          "currentDebt": 500000000.0,
          "currentLiabilities": 8128000000.0,
          "longTermDebt": 3629000000.0,
          "totalLiabilities": 13114000000.0,
          "totalEquity": 14051000000.0
        },
        {
          "date": "2021-11-30",
          "cashAndEquivalents": 0,
          "accountsReceivable": 0,
          "inventory": 0,
          "currentAssets": 0,
          "ppe": 0,
          "totalAssets": 0,
          "accountsPayable": 0,
          "currentDebt": 0,
          "currentLiabilities": 0,
          "longTermDebt": 0,
          "totalLiabilities": 0,
          "totalEquity": 0
        }
      ],
      "cashFlows": [
        {
          "date": "2025-11-30",
          "operatingCashFlow": 10031000000.0,
          "capex": -179000000.0,
          "freeCashFlow": 9852000000.0,
          "dividendsPaid": 0,
          "debtIssuance": 1997000000.0,
          "debtRepayment": -1500000000.0
        },
        {
          "date": "2024-11-30",
          "operatingCashFlow": 8056000000.0,
          "capex": -183000000.0,
          "freeCashFlow": 7873000000.0,
          "dividendsPaid": 0,
          "debtIssuance": 1997000000.0,
          "debtRepayment": 0.0
        },
        {
          "date": "2023-11-30",
          "operatingCashFlow": 7302000000.0,
          "capex": -360000000.0,
          "freeCashFlow": 6942000000.0,
          "dividendsPaid": 0,
          "debtIssuance": 0.0,
          "debtRepayment": -500000000.0
        },
        {
          "date": "2022-11-30",
          "operatingCashFlow": 7838000000.0,
          "capex": -442000000.0,
          "freeCashFlow": 7396000000.0,
          "dividendsPaid": 0,
          "debtIssuance": 0.0,
          "debtRepayment": 0.0
        },
        {
          "date": "2021-11-30",
          "operatingCashFlow": 0,
          "capex": 0,
          "freeCashFlow": 0,
          "dividendsPaid": 0,
          "debtIssuance": 0,
          "debtRepayment": 0
        }
      ],
      "currentMetrics": {
        "pe": 15.8,
        "forwardPE": 10.01,
        "priceToBook": 9.38,
        "priceToSales": 4.65,
        "debtToEquity": 57.27,
        "currentRatio": 1.0,
        "quickRatio": 0.88,
        "roe": 55.43,
        "roa": 18.22,
        "beta": 1.51
      },
      "lastUpdated": "2026-02-14T19:06:12.066671",
      "dataQuality": "3-statement-model",
      "dataSource": "yfinance"
    },
    "BABA": {
      "symbol": "BABA",
      "name": "Alibaba Group Holding Limited",
      "sector": "Consumer Cyclical",
      "industry": "Internet Retail",
      "price": 155.73,
      "marketCap": 371778813952,
      "sharesOutstanding": 2387329415,
      "incomeStatements": [
        {
          "date": "2025-03-31",
          "revenue": 996347000000.0,
          "costOfRevenue": 598285000000.0,
          "grossProfit": 398062000000.0,
          "operatingExpenses": 250986000000.0,
          "operatingIncome": 147076000000.0,
          "ebit": 165051000000.0,
          "interestExpense": 9596000000.0,
          "pretaxIncome": 155455000000.0,
          "incomeTax": 35445000000.0,
          "netIncome": 130109000000.0
        },
        {
          "date": "2024-03-31",
          "revenue": 941168000000.0,
          "costOfRevenue": 586323000000.0,
          "grossProfit": 354845000000.0,
          "operatingExpenses": 230974000000.0,
          "operatingIncome": 123871000000.0,
          "ebit": 119507000000.0,
          "interestExpense": 17911000000.0,
          "pretaxIncome": 101596000000.0,
          "incomeTax": 22529000000.0,
          "netIncome": 80009000000.0
        },
        {
          "date": "2023-03-31",
          "revenue": 868687000000.0,
          "costOfRevenue": 549695000000.0,
          "grossProfit": 318992000000.0,
          "operatingExpenses": 215927000000.0,
          "operatingIncome": 103065000000.0,
          "ebit": 106174000000.0,
          "interestExpense": 16989000000.0,
          "pretaxIncome": 89185000000.0,
          "incomeTax": 15549000000.0,
          "netIncome": 72783000000.0
        },
        {
          "date": "2022-03-31",
          "revenue": 853062000000.0,
          "costOfRevenue": 539450000000.0,
          "grossProfit": 313612000000.0,
          "operatingExpenses": 218833000000.0,
          "operatingIncome": 94779000000.0,
          "ebit": 80161000000.0,
          "interestExpense": 20611000000.0,
          "pretaxIncome": 59550000000.0,
          "incomeTax": 26815000000.0,
          "netIncome": 62249000000.0
        },
        {
          "date": "2021-03-31",
          "revenue": 0,
          "costOfRevenue": 0,
          "grossProfit": 0,
          "operatingExpenses": 0,
          "operatingIncome": 0,
          "ebit": 0,
          "interestExpense": 0,
          "pretaxIncome": 0,
          "incomeTax": 0,
          "netIncome": 0
        }
      ],
      "balanceSheets": [
        {
          "date": "2025-03-31",
          "cashAndEquivalents": 145487000000.0,
          "accountsReceivable": 31172000000.0,
          "inventory": 18887000000.0,
          "currentAssets": 674049000000.0,
          "ppe": 249349000000.0,
          "totalAssets": 1804227000000.0,
          "accountsPayable": 0,
          "currentDebt": 22562000000.0,
          "currentLiabilities": 435346000000.0,
          "longTermDebt": 208141000000.0,
          "totalLiabilities": 714121000000.0,
          "totalEquity": 1090106000000.0
        },
        {
          "date": "2024-03-31",
          "cashAndEquivalents": 248125000000.0,
          "accountsReceivable": 30686000000.0,
          "inventory": 25460000000.0,
          "currentAssets": 752864000000.0,
          "ppe": 273433000000.0,
          "totalAssets": 1764829000000.0,
          "accountsPayable": 0,
          "currentDebt": 29001000000.0,
          "currentLiabilities": 421507000000.0,
          "longTermDebt": 141775000000.0,
          "totalLiabilities": 652230000000.0,
          "totalEquity": 1112599000000.0
        },
        {
          "date": "2023-03-31",
          "cashAndEquivalents": 193086000000.0,
          "accountsReceivable": 32134000000.0,
          "inventory": 28547000000.0,
          "currentAssets": 697966000000.0,
          "ppe": 257435000000.0,
          "totalAssets": 1753044000000.0,
          "accountsPayable": 103369000000.0,
          "currentDebt": 12266000000.0,
          "currentLiabilities": 385351000000.0,
          "longTermDebt": 149088000000.0,
          "totalLiabilities": 630123000000.0,
          "totalEquity": 1122921000000.0
        },
        {
          "date": "2022-03-31",
          "cashAndEquivalents": 189898000000.0,
          "accountsReceivable": 32813000000.0,
          "inventory": 30087000000.0,
          "currentAssets": 638535000000.0,
          "ppe": 253451000000.0,
          "totalAssets": 1695553000000.0,
          "accountsPayable": 107205000000.0,
          "currentDebt": 8841000000.0,
          "currentLiabilities": 383784000000.0,
          "longTermDebt": 132503000000.0,
          "totalLiabilities": 613360000000.0,
          "totalEquity": 1082193000000.0
        },
        {
          "date": "2021-03-31",
          "cashAndEquivalents": 0,
          "accountsReceivable": 0,
          "inventory": 0,
          "currentAssets": 0,
          "ppe": 0,
          "totalAssets": 0,
          "accountsPayable": 94368000000.0,
          "currentDebt": 0,
          "currentLiabilities": 0,
          "longTermDebt": 0,
          "totalLiabilities": 0,
          "totalEquity": 0
        }
      ],
      "cashFlows": [
        {
          "date": "2025-03-31",
          "operatingCashFlow": 163509000000.0,
          "capex": -85972000000.0,
          "freeCashFlow": 77537000000.0,
          "dividendsPaid": -29077000000.0,
          "debtIssuance": 124432000000.0,
          "debtRepayment": -59898000000.0
        },
        {
          "date": "2024-03-31",
          "operatingCashFlow": 182593000000.0,
          "capex": -32929000000.0,
          "freeCashFlow": 149664000000.0,
          "dividendsPaid": -17946000000.0,
          "debtIssuance": 20570000000.0,
          "debtRepayment": -18105000000.0
        },
        {
          "date": "2023-03-31",
          "operatingCashFlow": 199752000000.0,
          "capex": -34352000000.0,
          "freeCashFlow": 165400000000.0,
          "dividendsPaid": 0.0,
          "debtIssuance": 22790000000.0,
          "debtRepayment": -11448000000.0
        },
        {
          "date": "2022-03-31",
          "operatingCashFlow": 142759000000.0,
          "capex": -53324000000.0,
          "freeCashFlow": 89435000000.0,
          "dividendsPaid": 0.0,
          "debtIssuance": 9427000000.0,
          "debtRepayment": -16713000000.0
        },
        {
          "date": "2021-03-31",
          "operatingCashFlow": 0,
          "capex": 0,
          "freeCashFlow": 0,
          "dividendsPaid": 0,
          "debtIssuance": 0,
          "debtRepayment": 0
        }
      ],
      "currentMetrics": {
        "pe": 20.54,
        "forwardPE": 17.6,
        "priceToBook": 2.42,
        "priceToSales": 0.37,
        "debtToEquity": 27.25,
        "currentRatio": 1.46,
        "quickRatio": 0.84,
        "roe": 11.19,
        "roa": 4.03,
        "beta": 0.39
      },
      "lastUpdated": "2026-02-14T19:06:16.313650",
      "dataQuality": "3-statement-model",
      "dataSource": "yfinance"
    },
    "BIDU": {
      "symbol": "BIDU",
      "name": "Baidu, Inc.",
      "sector": "Communication Services",
      "industry": "Internet Content & Information",
      "price": 137.01,
      "marketCap": 47762452480,
      "sharesOutstanding": 278228356,
      "incomeStatements": [
        {
          "date": "2024-12-31",
          "revenue": 133125000000.0,
          "costOfRevenue": 66102000000.0,
          "grossProfit": 67023000000.0,
          "operatingExpenses": 45753000000.0,
          "operatingIncome": 21270000000.0,
          "ebit": 31446000000.0,
          "interestExpense": 2824000000.0,
          "pretaxIncome": 28622000000.0,
          "incomeTax": 4447000000.0,
          "netIncome": 23760000000.0
        },
        {
          "date": "2023-12-31",
          "revenue": 134598000000.0,
          "costOfRevenue": 65031000000.0,
          "grossProfit": 69567000000.0,
          "operatingExpenses": 47711000000.0,
          "operatingIncome": 21856000000.0,
          "ebit": 28446000000.0,
          "interestExpense": 3248000000.0,
          "pretaxIncome": 25198000000.0,
          "incomeTax": 3649000000.0,
          "netIncome": 20315000000.0
        },
        {
          "date": "2022-12-31",
          "revenue": 123675000000.0,
          "costOfRevenue": 63935000000.0,
          "grossProfit": 59740000000.0,
          "operatingExpenses": 43829000000.0,
          "operatingIncome": 15911000000.0,
          "ebit": 13025000000.0,
          "interestExpense": 2913000000.0,
          "pretaxIncome": 10112000000.0,
          "incomeTax": 2578000000.0,
          "netIncome": 7559000000.0
        },
        {
          "date": "2021-12-31",
          "revenue": 124493000000.0,
          "costOfRevenue": 64314000000.0,
          "grossProfit": 60179000000.0,
          "operatingExpenses": 49661000000.0,
          "operatingIncome": 10518000000.0,
          "ebit": 14199000000.0,
          "interestExpense": 3421000000.0,
          "pretaxIncome": 10778000000.0,
          "incomeTax": 3187000000.0,
          "netIncome": 10226000000.0
        }
      ],
      "balanceSheets": [
        {
          "date": "2024-12-31",
          "cashAndEquivalents": 24832000000.0,
          "accountsReceivable": 10104000000.0,
          "inventory": 5989000000.0,
          "currentAssets": 168849000000.0,
          "ppe": 41000000000.0,
          "totalAssets": 427780000000.0,
          "accountsPayable": 0,
          "currentDebt": 19105000000.0,
          "currentLiabilities": 80953000000.0,
          "longTermDebt": 51943000000.0,
          "totalLiabilities": 144168000000.0,
          "totalEquity": 283612000000.0
        },
        {
          "date": "2023-12-31",
          "cashAndEquivalents": 25231000000.0,
          "accountsReceivable": 10848000000.0,
          "inventory": 1396000000.0,
          "currentAssets": 230255000000.0,
          "ppe": 38811000000.0,
          "totalAssets": 406759000000.0,
          "accountsPayable": 0,
          "currentDebt": 19090000000.0,
          "currentLiabilities": 76451000000.0,
          "longTermDebt": 57357000000.0,
          "totalLiabilities": 144151000000.0,
          "totalEquity": 262608000000.0
        },
        {
          "date": "2022-12-31",
          "cashAndEquivalents": 53156000000.0,
          "accountsReceivable": 11733000000.0,
          "inventory": 1227000000.0,
          "currentAssets": 212850000000.0,
          "ppe": 34338000000.0,
          "totalAssets": 390973000000.0,
          "accountsPayable": 0,
          "currentDebt": 20552000000.0,
          "currentLiabilities": 79630000000.0,
          "longTermDebt": 63183000000.0,
          "totalLiabilities": 153168000000.0,
          "totalEquity": 237805000000.0
        },
        {
          "date": "2021-12-31",
          "cashAndEquivalents": 36850000000.0,
          "accountsReceivable": 9981000000.0,
          "inventory": 1477000000.0,
          "currentAssets": 213315000000.0,
          "ppe": 35092000000.0,
          "totalAssets": 380034000000.0,
          "accountsPayable": 0,
          "currentDebt": 14675000000.0,
          "currentLiabilities": 74488000000.0,
          "longTermDebt": 68401000000.0,
          "totalLiabilities": 156082000000.0,
          "totalEquity": 223952000000.0
        }
      ],
      "cashFlows": [
        {
          "date": "2024-12-31",
          "operatingCashFlow": 21234000000.0,
          "capex": -8259000000.0,
          "freeCashFlow": 12975000000.0,
          "dividendsPaid": 0,
          "debtIssuance": 23574000000.0,
          "debtRepayment": -31111000000.0
        },
        {
          "date": "2023-12-31",
          "operatingCashFlow": 36615000000.0,
          "capex": -11295000000.0,
          "freeCashFlow": 25320000000.0,
          "dividendsPaid": 0,
          "debtIssuance": 20473000000.0,
          "debtRepayment": -33566000000.0
        },
        {
          "date": "2022-12-31",
          "operatingCashFlow": 26170000000.0,
          "capex": -8393000000.0,
          "freeCashFlow": 17777000000.0,
          "dividendsPaid": 0,
          "debtIssuance": 9722000000.0,
          "debtRepayment": -16535000000.0
        },
        {
          "date": "2021-12-31",
          "operatingCashFlow": 20122000000.0,
          "capex": -11240000000.0,
          "freeCashFlow": 8882000000.0,
          "dividendsPaid": 0,
          "debtIssuance": 24233000000.0,
          "debtRepayment": -15393000000.0
        }
      ],
      "currentMetrics": {
        "pe": 12.14,
        "forwardPE": 16.5,
        "priceToBook": 1.21,
        "priceToSales": 0.37,
        "debtToEquity": 33.81,
        "currentRatio": 1.91,
        "quickRatio": 1.65,
        "roe": 3.08,
        "roa": 1.87,
        "beta": 0.29
      },
      "lastUpdated": "2026-02-14T19:06:20.056996",
      "dataQuality": "3-statement-model",
      "dataSource": "yfinance"
    },
    "JD": {
      "symbol": "JD",
      "name": "JD.com, Inc.",
      "sector": "Consumer Cyclical",
      "industry": "Internet Retail",
      "price": 27.14,
      "marketCap": 40042520576,
      "sharesOutstanding": 1419000000,
      "incomeStatements": [
        {
          "date": "2024-12-31",
          "revenue": 1158819000000.0,
          "costOfRevenue": 974951000000.0,
          "grossProfit": 183868000000.0,
          "operatingExpenses": 144298000000.0,
          "operatingIncome": 39570000000.0,
          "ebit": 54434000000.0,
          "interestExpense": 2896000000.0,
          "pretaxIncome": 51538000000.0,
          "incomeTax": 6878000000.0,
          "netIncome": 41359000000.0
        },
        {
          "date": "2023-12-31",
          "revenue": 1084662000000.0,
          "costOfRevenue": 924958000000.0,
          "grossProfit": 159704000000.0,
          "operatingExpenses": 130794000000.0,
          "operatingIncome": 28910000000.0,
          "ebit": 34531000000.0,
          "interestExpense": 2881000000.0,
          "pretaxIncome": 31650000000.0,
          "incomeTax": 8393000000.0,
          "netIncome": 24167000000.0
        },
        {
          "date": "2022-12-31",
          "revenue": 1046236000000.0,
          "costOfRevenue": 899163000000.0,
          "grossProfit": 147073000000.0,
          "operatingExpenses": 128729000000.0,
          "operatingIncome": 18344000000.0,
          "ebit": 15973000000.0,
          "interestExpense": 2106000000.0,
          "pretaxIncome": 13867000000.0,
          "incomeTax": 4176000000.0,
          "netIncome": 10380000000.0
        },
        {
          "date": "2021-12-31",
          "revenue": 951592000000.0,
          "costOfRevenue": 822526000000.0,
          "grossProfit": 129066000000.0,
          "operatingExpenses": 123210000000.0,
          "operatingIncome": 5856000000.0,
          "ebit": -1367000000.0,
          "interestExpense": 1213000000.0,
          "pretaxIncome": -2580000000.0,
          "incomeTax": 1887000000.0,
          "netIncome": -3560000000.0
        }
      ],
      "balanceSheets": [
        {
          "date": "2024-12-31",
          "cashAndEquivalents": 108350000000.0,
          "accountsReceivable": 25596000000.0,
          "inventory": 89326000000.0,
          "currentAssets": 386698000000.0,
          "ppe": 113433000000.0,
          "totalAssets": 698234000000.0,
          "accountsPayable": 192860000000.0,
          "currentDebt": 7581000000.0,
          "currentLiabilities": 299521000000.0,
          "longTermDebt": 56475000000.0,
          "totalLiabilities": 384937000000.0,
          "totalEquity": 313297000000.0
        },
        {
          "date": "2023-12-31",
          "cashAndEquivalents": 71892000000.0,
          "accountsReceivable": 20302000000.0,
          "inventory": 68058000000.0,
          "currentAssets": 307810000000.0,
          "ppe": 100818000000.0,
          "totalAssets": 628958000000.0,
          "accountsPayable": 166167000000.0,
          "currentDebt": 5034000000.0,
          "currentLiabilities": 265650000000.0,
          "longTermDebt": 41966000000.0,
          "totalLiabilities": 332578000000.0,
          "totalEquity": 296380000000.0
        },
        {
          "date": "2022-12-31",
          "cashAndEquivalents": 78861000000.0,
          "accountsReceivable": 20576000000.0,
          "inventory": 77949000000.0,
          "currentAssets": 351074000000.0,
          "ppe": 88508000000.0,
          "totalAssets": 595250000000.0,
          "accountsPayable": 160607000000.0,
          "currentDebt": 12146000000.0,
          "currentLiabilities": 266561000000.0,
          "longTermDebt": 30233000000.0,
          "totalLiabilities": 321127000000.0,
          "totalEquity": 274123000000.0
        },
        {
          "date": "2021-12-31",
          "cashAndEquivalents": 70767000000.0,
          "accountsReceivable": 11900000000.0,
          "inventory": 75601000000.0,
          "currentAssets": 299672000000.0,
          "ppe": 58748000000.0,
          "totalAssets": 496507000000.0,
          "accountsPayable": 140484000000.0,
          "currentDebt": 4368000000.0,
          "currentLiabilities": 221636000000.0,
          "longTermDebt": 9386000000.0,
          "totalLiabilities": 249723000000.0,
          "totalEquity": 246784000000.0
        }
      ],
      "cashFlows": [
        {
          "date": "2024-12-31",
          "operatingCashFlow": 58095000000.0,
          "capex": -13819000000.0,
          "freeCashFlow": 44276000000.0,
          "dividendsPaid": -8263000000.0,
          "debtIssuance": 27627000000.0,
          "debtRepayment": -13253000000.0
        },
        {
          "date": "2023-12-31",
          "operatingCashFlow": 59521000000.0,
          "capex": -20015000000.0,
          "freeCashFlow": 39506000000.0,
          "dividendsPaid": -6741000000.0,
          "debtIssuance": 30500000000.0,
          "debtRepayment": -27387000000.0
        },
        {
          "date": "2022-12-31",
          "operatingCashFlow": 57819000000.0,
          "capex": -22913000000.0,
          "freeCashFlow": 34906000000.0,
          "dividendsPaid": -13087000000.0,
          "debtIssuance": 47309000000.0,
          "debtRepayment": -35470000000.0
        },
        {
          "date": "2021-12-31",
          "operatingCashFlow": 42301000000.0,
          "capex": -22278000000.0,
          "freeCashFlow": 20023000000.0,
          "dividendsPaid": 0.0,
          "debtIssuance": 7133000000.0,
          "debtRepayment": -9257000000.0
        }
      ],
      "currentMetrics": {
        "pe": 8.81,
        "forwardPE": 8.67,
        "priceToBook": 1.14,
        "priceToSales": 0.03,
        "debtToEquity": 36.82,
        "currentRatio": 1.2,
        "quickRatio": 0.76,
        "roe": 11.72,
        "roa": 1.62,
        "beta": 0.41
      },
      "lastUpdated": "2026-02-14T19:06:23.875222",
      "dataQuality": "3-statement-model",
      "dataSource": "yfinance"
    },
    "NIO": {
      "symbol": "NIO",
      "name": "NIO Inc.",
      "sector": "Consumer Cyclical",
      "industry": "Auto Manufacturers",
      "price": 4.95,
      "marketCap": 12516862976,
      "sharesOutstanding": 2370675188,
      "incomeStatements": [
        {
          "date": "2024-12-31",
          "revenue": 65731559000.0,
          "costOfRevenue": 59238797000.0,
          "grossProfit": 6492762000.0,
          "operatingExpenses": 28366835000.0,
          "operatingIncome": -21874073000.0,
          "ebit": -21626161000.0,
          "interestExpense": 798363000.0,
          "pretaxIncome": -22424524000.0,
          "incomeTax": -22815000.0,
          "netIncome": -22657692000.0
        },
        {
          "date": "2023-12-31",
          "revenue": 55617933000.0,
          "costOfRevenue": 52566137000.0,
          "grossProfit": 3051796000.0,
          "operatingExpenses": 25706980000.0,
          "operatingIncome": -22655184000.0,
          "ebit": -20055388000.0,
          "interestExpense": 403530000.0,
          "pretaxIncome": -20458918000.0,
          "incomeTax": 260835000.0,
          "netIncome": -21146967000.0
        },
        {
          "date": "2022-12-31",
          "revenue": 49268561000.0,
          "costOfRevenue": 44124568000.0,
          "grossProfit": 5143993000.0,
          "operatingExpenses": 20784652000.0,
          "operatingIncome": -15640659000.0,
          "ebit": -14048785000.0,
          "interestExpense": 333216000.0,
          "pretaxIncome": -14382001000.0,
          "incomeTax": 55103000.0,
          "netIncome": -14559445000.0
        },
        {
          "date": "2021-12-31",
          "revenue": 36136423000.0,
          "costOfRevenue": 29314990000.0,
          "grossProfit": 6821433000.0,
          "operatingExpenses": 11317736000.0,
          "operatingIncome": -4496303000.0,
          "ebit": -3337274000.0,
          "interestExpense": 637410000.0,
          "pretaxIncome": -3974684000.0,
          "incomeTax": 42265000.0,
          "netIncome": -10572309000.0
        }
      ],
      "balanceSheets": [
        {
          "date": "2024-12-31",
          "cashAndEquivalents": 19328920000.0,
          "accountsReceivable": 1676246000.0,
          "inventory": 7087223000.0,
          "currentAssets": 61886043000.0,
          "ppe": 40000533000.0,
          "totalAssets": 107604612000.0,
          "accountsPayable": 34387266000.0,
          "currentDebt": 9127183000.0,
          "currentLiabilities": 62311024000.0,
          "longTermDebt": 11440755000.0,
          "totalLiabilities": 94098069000.0,
          "totalEquity": 13506543000.0
        },
        {
          "date": "2023-12-31",
          "cashAndEquivalents": 32935111000.0,
          "accountsReceivable": 4657652000.0,
          "inventory": 5277726000.0,
          "currentAssets": 70380233000.0,
          "ppe": 37480353000.0,
          "totalAssets": 117383202000.0,
          "accountsPayable": 29766134000.0,
          "currentDebt": 9821498000.0,
          "currentLiabilities": 57798116000.0,
          "longTermDebt": 13042861000.0,
          "totalLiabilities": 87787186000.0,
          "totalEquity": 29596016000.0
        },
        {
          "date": "2022-12-31",
          "cashAndEquivalents": 19887575000.0,
          "accountsReceivable": 5118170000.0,
          "inventory": 8191386000.0,
          "currentAssets": 59149752000.0,
          "ppe": 23516077000.0,
          "totalAssets": 96263925000.0,
          "accountsPayable": 12709285000.0,
          "currentDebt": 17791528000.0,
          "currentLiabilities": 45852054000.0,
          "longTermDebt": 10885799000.0,
          "totalLiabilities": 72174386000.0,
          "totalEquity": 24089539000.0
        },
        {
          "date": "2021-12-31",
          "cashAndEquivalents": 15333719000.0,
          "accountsReceivable": 2797805000.0,
          "inventory": 2056352000.0,
          "currentAssets": 63641315000.0,
          "ppe": 10830617000.0,
          "totalAssets": 82883601000.0,
          "accountsPayable": 12638991000.0,
          "currentDebt": 7297962000.0,
          "currentLiabilities": 29198152000.0,
          "longTermDebt": 9739176000.0,
          "totalLiabilities": 48098044000.0,
          "totalEquity": 34785557000.0
        }
      ],
      "cashFlows": [
        {
          "date": "2024-12-31",
          "operatingCashFlow": -7849168000.0,
          "capex": -9142293000.0,
          "freeCashFlow": -16991461000.0,
          "dividendsPaid": 0,
          "debtIssuance": 9218865000.0,
          "debtRepayment": -10852851000.0
        },
        {
          "date": "2023-12-31",
          "operatingCashFlow": -1381546000.0,
          "capex": -14340771000.0,
          "freeCashFlow": -15722317000.0,
          "dividendsPaid": 0,
          "debtIssuance": 16135199000.0,
          "debtRepayment": -9521177000.0
        },
        {
          "date": "2022-12-31",
          "operatingCashFlow": -3866008000.0,
          "capex": -6972854000.0,
          "freeCashFlow": -10838862000.0,
          "dividendsPaid": 0,
          "debtIssuance": 6918564000.0,
          "debtRepayment": -8577795000.0
        },
        {
          "date": "2021-12-31",
          "operatingCashFlow": 1966386000.0,
          "capex": -4078764000.0,
          "freeCashFlow": -2112378000.0,
          "dividendsPaid": 0,
          "debtIssuance": 15672755000.0,
          "debtRepayment": -2465128000.0
        }
      ],
      "currentMetrics": {
        "pe": 0,
        "forwardPE": -10.4,
        "priceToBook": 22.63,
        "priceToSales": 0.17,
        "debtToEquity": 228.66,
        "currentRatio": 0.94,
        "quickRatio": 0.57,
        "roe": -160.03,
        "roa": -11.91,
        "beta": 1.12
      },
      "lastUpdated": "2026-02-14T19:06:27.719749",
      "dataQuality": "3-statement-model",
      "dataSource": "yfinance"
    },
    "PDD": {
      "symbol": "PDD",
      "name": "PDD Holdings Inc.",
      "sector": "Consumer Cyclical",
      "industry": "Internet Retail",
      "price": 100.28,
      "marketCap": 142362148864,
      "sharesOutstanding": 1419646462,
      "incomeStatements": [
        {
          "date": "2024-12-31",
          "revenue": 393836097000.0,
          "costOfRevenue": 153900374000.0,
          "grossProfit": 239935723000.0,
          "operatingExpenses": 131512861000.0,
          "operatingIncome": 108422862000.0,
          "ebit": 132684068000.0,
          "interestExpense": 0.0,
          "pretaxIncome": 132684068000.0,
          "incomeTax": 20266781000.0,
          "netIncome": 112434512000.0
        },
        {
          "date": "2023-12-31",
          "revenue": 247639205000.0,
          "costOfRevenue": 91723577000.0,
          "grossProfit": 155915628000.0,
          "operatingExpenses": 97216866000.0,
          "operatingIncome": 58698762000.0,
          "ebit": 71925142000.0,
          "interestExpense": 43987000.0,
          "pretaxIncome": 71881155000.0,
          "incomeTax": 11849904000.0,
          "netIncome": 60026544000.0
        },
        {
          "date": "2022-12-31",
          "revenue": 130557589000.0,
          "costOfRevenue": 31462298000.0,
          "grossProfit": 99095291000.0,
          "operatingExpenses": 68693370000.0,
          "operatingIncome": 30401921000.0,
          "ebit": 36470669000.0,
          "interestExpense": 51655000.0,
          "pretaxIncome": 36419014000.0,
          "incomeTax": 4725667000.0,
          "netIncome": 31538062000.0
        },
        {
          "date": "2021-12-31",
          "revenue": 93949939000.0,
          "costOfRevenue": 31718093000.0,
          "grossProfit": 62231846000.0,
          "operatingExpenses": 55335084000.0,
          "operatingIncome": 6896762000.0,
          "ebit": 10686429000.0,
          "interestExpense": 1231002000.0,
          "pretaxIncome": 9455427000.0,
          "incomeTax": 1933585000.0,
          "netIncome": 7768670000.0
        }
      ],
      "balanceSheets": [
        {
          "date": "2024-12-31",
          "cashAndEquivalents": 57768053000.0,
          "accountsReceivable": 3679309000.0,
          "inventory": 0,
          "currentAssets": 415648232000.0,
          "ppe": 5943678000.0,
          "totalAssets": 505034316000.0,
          "accountsPayable": 119936275000.0,
          "currentDebt": 5309597000.0,
          "currentLiabilities": 188422853000.0,
          "longTermDebt": 0,
          "totalLiabilities": 191721192000.0,
          "totalEquity": 313313124000.0
        },
        {
          "date": "2023-12-31",
          "cashAndEquivalents": 59794469000.0,
          "accountsReceivable": 3914117000.0,
          "inventory": 0,
          "currentAssets": 294750472000.0,
          "ppe": 5084486000.0,
          "totalAssets": 348078120000.0,
          "accountsPayable": 91902691000.0,
          "currentDebt": 648570000.0,
          "currentLiabilities": 152900901000.0,
          "longTermDebt": 5231523000.0,
          "totalLiabilities": 160836513000.0,
          "totalEquity": 187241607000.0
        },
        {
          "date": "2022-12-31",
          "cashAndEquivalents": 34326192000.0,
          "accountsReceivable": 587696000.0,
          "inventory": 0,
          "currentAssets": 216617876000.0,
          "ppe": 2460928000.0,
          "totalAssets": 237119953000.0,
          "accountsPayable": 67295513000.0,
          "currentDebt": 13885751000.0,
          "currentLiabilities": 116889480000.0,
          "longTermDebt": 1575755000.0,
          "totalLiabilities": 119349042000.0,
          "totalEquity": 117770911000.0
        },
        {
          "date": "2021-12-31",
          "cashAndEquivalents": 6426715000.0,
          "accountsReceivable": 673737000.0,
          "inventory": 14196000.0,
          "currentAssets": 160909168000.0,
          "ppe": 3141860000.0,
          "totalAssets": 181209718000.0,
          "accountsPayable": 64461395000.0,
          "currentDebt": 0,
          "currentLiabilities": 93729714000.0,
          "longTermDebt": 11788907000.0,
          "totalLiabilities": 106095171000.0,
          "totalEquity": 75114547000.0
        }
      ],
      "cashFlows": [
        {
          "date": "2024-12-31",
          "operatingCashFlow": 121929292000.0,
          "capex": -967137000.0,
          "freeCashFlow": 120962155000.0,
          "dividendsPaid": 0,
          "debtIssuance": 0,
          "debtRepayment": -91000.0
        },
        {
          "date": "2023-12-31",
          "operatingCashFlow": 94162531000.0,
          "capex": -583879000.0,
          "freeCashFlow": 93578652000.0,
          "dividendsPaid": 0,
          "debtIssuance": 0,
          "debtRepayment": -8968817000.0
        },
        {
          "date": "2022-12-31",
          "operatingCashFlow": 48507860000.0,
          "capex": -635716000.0,
          "freeCashFlow": 47872144000.0,
          "dividendsPaid": 0,
          "debtIssuance": 0.0,
          "debtRepayment": 0.0
        },
        {
          "date": "2021-12-31",
          "operatingCashFlow": 28783011000.0,
          "capex": -3287232000.0,
          "freeCashFlow": 25495779000.0,
          "dividendsPaid": 0,
          "debtIssuance": 0.0,
          "debtRepayment": -1875472000.0
        }
      ],
      "currentMetrics": {
        "pe": 10.04,
        "forwardPE": 7.97,
        "priceToBook": 2.48,
        "priceToSales": 0.34,
        "debtToEquity": 2.73,
        "currentRatio": 2.35,
        "quickRatio": 2.0,
        "roe": 30.53,
        "roa": 10.7,
        "beta": -0.01
      },
      "lastUpdated": "2026-02-14T19:06:31.566416",
      "dataQuality": "3-statement-model",
      "dataSource": "yfinance"
    },
    "INFY": {
      "symbol": "INFY",
      "name": "Infosys Limited",
      "sector": "Technology",
      "industry": "Information Technology Services",
      "price": 14.72,
      "marketCap": 59552563200,
      "sharesOutstanding": 4045690377,
      "incomeStatements": [
        {
          "date": "2025-03-31",
          "revenue": 19277000000.0,
          "costOfRevenue": 13405000000.0,
          "grossProfit": 5872000000.0,
          "operatingExpenses": 1795000000.0,
          "operatingIncome": 4077000000.0,
          "ebit": 4496000000.0,
          "interestExpense": 49000000.0,
          "pretaxIncome": 4447000000.0,
          "incomeTax": 1285000000.0,
          "netIncome": 3158000000.0
        },
        {
          "date": "2024-03-31",
          "revenue": 18562000000.0,
          "costOfRevenue": 12975000000.0,
          "grossProfit": 5587000000.0,
          "operatingExpenses": 1738000000.0,
          "operatingIncome": 3849000000.0,
          "ebit": 4402000000.0,
          "interestExpense": 56000000.0,
          "pretaxIncome": 4346000000.0,
          "incomeTax": 1177000000.0,
          "netIncome": 3167000000.0
        },
        {
          "date": "2023-03-31",
          "revenue": 18212000000.0,
          "costOfRevenue": 12709000000.0,
          "grossProfit": 5503000000.0,
          "operatingExpenses": 1678000000.0,
          "operatingIncome": 3825000000.0,
          "ebit": 4160000000.0,
          "interestExpense": 35000000.0,
          "pretaxIncome": 4125000000.0,
          "incomeTax": 1142000000.0,
          "netIncome": 2981000000.0
        },
        {
          "date": "2022-03-31",
          "revenue": 16311000000.0,
          "costOfRevenue": 10996000000.0,
          "grossProfit": 5315000000.0,
          "operatingExpenses": 1560000000.0,
          "operatingIncome": 3755000000.0,
          "ebit": 4063000000.0,
          "interestExpense": 27000000.0,
          "pretaxIncome": 4036000000.0,
          "incomeTax": 1068000000.0,
          "netIncome": 2963000000.0
        },
        {
          "date": "2021-03-31",
          "revenue": 0,
          "costOfRevenue": 0,
          "grossProfit": 0,
          "operatingExpenses": 0,
          "operatingIncome": 0,
          "ebit": 0,
          "interestExpense": 0,
          "pretaxIncome": 0,
          "incomeTax": 0,
          "netIncome": 0
        }
      ],
      "balanceSheets": [
        {
          "date": "2025-03-31",
          "cashAndEquivalents": 2861000000.0,
          "accountsReceivable": 3645000000.0,
          "inventory": 0,
          "currentAssets": 11359000000.0,
          "ppe": 2235000000.0,
          "totalAssets": 17419000000.0,
          "accountsPayable": 487000000.0,
          "currentDebt": 0,
          "currentLiabilities": 5012000000.0,
          "longTermDebt": 0,
          "totalLiabilities": 6164000000.0,
          "totalEquity": 11255000000.0
        },
        {
          "date": "2024-03-31",
          "cashAndEquivalents": 1773000000.0,
          "accountsReceivable": 3620000000.0,
          "inventory": 0,
          "currentAssets": 10722000000.0,
          "ppe": 2323000000.0,
          "totalAssets": 16523000000.0,
          "accountsPayable": 474000000.0,
          "currentDebt": 0,
          "currentLiabilities": 4651000000.0,
          "longTermDebt": 0,
          "totalLiabilities": 5918000000.0,
          "totalEquity": 10605000000.0
        },
        {
          "date": "2023-03-31",
          "cashAndEquivalents": 1481000000.0,
          "accountsReceivable": 3094000000.0,
          "inventory": 0,
          "currentAssets": 8626000000.0,
          "ppe": 2516000000.0,
          "totalAssets": 15312000000.0,
          "accountsPayable": 470000000.0,
          "currentDebt": 0,
          "currentLiabilities": 4769000000.0,
          "longTermDebt": 0,
          "totalLiabilities": 6088000000.0,
          "totalEquity": 9224000000.0
        },
        {
          "date": "2022-03-31",
          "cashAndEquivalents": 2305000000.0,
          "accountsReceivable": 2995000000.0,
          "inventory": 0,
          "currentAssets": 8865000000.0,
          "ppe": 2429000000.0,
          "totalAssets": 15555000000.0,
          "accountsPayable": 547000000.0,
          "currentDebt": 0,
          "currentLiabilities": 4433000000.0,
          "longTermDebt": 0,
          "totalLiabilities": 5561000000.0,
          "totalEquity": 9994000000.0
        },
        {
          "date": "2021-03-31",
          "cashAndEquivalents": 0,
          "accountsReceivable": 0,
          "inventory": 0,
          "currentAssets": 0,
          "ppe": 0,
          "totalAssets": 0,
          "accountsPayable": 0,
          "currentDebt": 0,
          "currentLiabilities": 0,
          "longTermDebt": 0,
          "totalLiabilities": 0,
          "totalEquity": 0
        }
      ],
      "cashFlows": [
        {
          "date": "2025-03-31",
          "operatingCashFlow": 4351000000.0,
          "capex": -263000000.0,
          "freeCashFlow": 4088000000.0,
          "dividendsPaid": -2416000000.0,
          "debtIssuance": 0,
          "debtRepayment": -396000000.0
        },
        {
          "date": "2024-03-31",
          "operatingCashFlow": 3148000000.0,
          "capex": -266000000.0,
          "freeCashFlow": 2882000000.0,
          "dividendsPaid": -1777000000.0,
          "debtIssuance": 0,
          "debtRepayment": -245000000.0
        },
        {
          "date": "2023-03-31",
          "operatingCashFlow": 2853000000.0,
          "capex": -319000000.0,
          "freeCashFlow": 2534000000.0,
          "dividendsPaid": -1697000000.0,
          "debtIssuance": 0,
          "debtRepayment": -151000000.0
        },
        {
          "date": "2022-03-31",
          "operatingCashFlow": 3345000000.0,
          "capex": -290000000.0,
          "freeCashFlow": 3055000000.0,
          "dividendsPaid": -1703000000.0,
          "debtIssuance": 0,
          "debtRepayment": -125000000.0
        },
        {
          "date": "2021-03-31",
          "operatingCashFlow": 0,
          "capex": 0,
          "freeCashFlow": 0,
          "dividendsPaid": 0,
          "debtIssuance": 0,
          "debtRepayment": 0
        }
      ],
      "currentMetrics": {
        "pe": 19.12,
        "forwardPE": 17.27,
        "priceToBook": 6.45,
        "priceToSales": 3.0,
        "debtToEquity": 10.53,
        "currentRatio": 1.81,
        "quickRatio": 1.56,
        "roe": 32.68,
        "roa": 15.67,
        "beta": 0.26
      },
      "lastUpdated": "2026-02-14T19:06:35.640063",
      "dataQuality": "3-statement-model",
      "dataSource": "yfinance"
    },
    "HDB": {
      "symbol": "HDB",
      "name": "HDFC Bank Limited",
      "sector": "Financial Services",
      "industry": "Banks - Regional",
      "price": 32.52,
      "marketCap": 166806093824,
      "sharesOutstanding": 5129338480,
      "incomeStatements": [
        {
          "date": "2025-03-31",
          "revenue": 2371508200000.0,
          "costOfRevenue": 0,
          "grossProfit": 0,
          "operatingExpenses": 0,
          "operatingIncome": 0,
          "ebit": 0,
          "interestExpense": 1823477000000.0,
          "pretaxIncome": 861546200000.0,
          "incomeTax": 175014900000.0,
          "netIncome": 673508300000.0
        },
        {
          "date": "2024-03-31",
          "revenue": 1986934300000.0,
          "costOfRevenue": 0,
          "grossProfit": 0,
          "operatingExpenses": 0,
          "operatingIncome": 0,
          "ebit": 0,
          "interestExpense": 1533922800000.0,
          "pretaxIncome": 705459000000.0,
          "incomeTax": 77827100000.0,
          "netIncome": 622656600000.0
        },
        {
          "date": "2023-03-31",
          "revenue": 1205375000000.0,
          "costOfRevenue": 0,
          "grossProfit": 0,
          "operatingExpenses": 0,
          "operatingIncome": 0,
          "ebit": 0,
          "interestExpense": 775538200000.0,
          "pretaxIncome": 662381800000.0,
          "incomeTax": 166117400000.0,
          "netIncome": 495446900000.0
        },
        {
          "date": "2022-03-31",
          "revenue": 1019413700000.0,
          "costOfRevenue": 0,
          "grossProfit": 0,
          "operatingExpenses": 0,
          "operatingIncome": 0,
          "ebit": 0,
          "interestExpense": 584297500000.0,
          "pretaxIncome": 519162200000.0,
          "incomeTax": 132559200000.0,
          "netIncome": 386000400000.0
        },
        {
          "date": "2021-03-31",
          "revenue": 0,
          "costOfRevenue": 0,
          "grossProfit": 0,
          "operatingExpenses": 0,
          "operatingIncome": 0,
          "ebit": 0,
          "interestExpense": 0,
          "pretaxIncome": 0,
          "incomeTax": 0,
          "netIncome": 0
        }
      ],
      "balanceSheets": [
        {
          "date": "2025-03-31",
          "cashAndEquivalents": 3222323100000.0,
          "accountsReceivable": 323230700000.0,
          "inventory": 0,
          "currentAssets": 0,
          "ppe": 314735300000.0,
          "totalAssets": 48187671100000.0,
          "accountsPayable": 576840500000.0,
          "currentDebt": 1306013100000.0,
          "currentLiabilities": 0,
          "longTermDebt": 5866163200000.0,
          "totalLiabilities": 39564780100000.0,
          "totalEquity": 8622891000000.0
        },
        {
          "date": "2024-03-31",
          "cashAndEquivalents": 3425973300000.0,
          "accountsReceivable": 249940000000.0,
          "inventory": 0,
          "currentAssets": 0,
          "ppe": 268332900000.0,
          "totalAssets": 44118573000000.0,
          "accountsPayable": 531484800000.0,
          "currentDebt": 1313737100000.0,
          "currentLiabilities": 0,
          "longTermDebt": 6648772000000.0,
          "totalLiabilities": 36232390200000.0,
          "totalEquity": 7886182800000.0
        },
        {
          "date": "2023-03-31",
          "cashAndEquivalents": 2363920200000.0,
          "accountsReceivable": 194533400000.0,
          "inventory": 0,
          "currentAssets": 0,
          "ppe": 177559000000.0,
          "totalAssets": 25755624000000.0,
          "accountsPayable": 319383600000.0,
          "currentDebt": 1089897500000.0,
          "currentLiabilities": 0,
          "longTermDebt": 1964236400000.0,
          "totalLiabilities": 22837786100000.0,
          "totalEquity": 2917837900000.0
        },
        {
          "date": "2022-03-31",
          "cashAndEquivalents": 1599220700000.0,
          "accountsReceivable": 136492900000.0,
          "inventory": 0,
          "currentAssets": 0,
          "ppe": 137398600000.0,
          "totalAssets": 21113705500000.0,
          "accountsPayable": 234722000000.0,
          "currentDebt": 554167600000.0,
          "currentLiabilities": 0,
          "longTermDebt": 1554333400000.0,
          "totalLiabilities": 18604252100000.0,
          "totalEquity": 2509453400000.0
        },
        {
          "date": "2021-03-31",
          "cashAndEquivalents": 0,
          "accountsReceivable": 0,
          "inventory": 0,
          "currentAssets": 0,
          "ppe": 0,
          "totalAssets": 0,
          "accountsPayable": 0,
          "currentDebt": 0,
          "currentLiabilities": 0,
          "longTermDebt": 0,
          "totalLiabilities": 0,
          "totalEquity": 0
        }
      ],
      "cashFlows": [
        {
          "date": "2025-03-31",
          "operatingCashFlow": 1195617400000.0,
          "capex": -66397300000.0,
          "freeCashFlow": 1129220100000.0,
          "dividendsPaid": -158058100000.0,
          "debtIssuance": 661226300000.0,
          "debtRepayment": -1463100800000.0
        },
        {
          "date": "2024-03-31",
          "operatingCashFlow": 1022322400000.0,
          "capex": -53838000000.0,
          "freeCashFlow": 968484400000.0,
          "dividendsPaid": -86617100000.0,
          "debtIssuance": 1155775200000.0,
          "debtRepayment": -1400297900000.0
        },
        {
          "date": "2023-03-31",
          "operatingCashFlow": 477200600000.0,
          "capex": -43620300000.0,
          "freeCashFlow": 433580300000.0,
          "dividendsPaid": -86394300000.0,
          "debtIssuance": 1022933100000.0,
          "debtRepayment": -558113600000.0
        },
        {
          "date": "2022-03-31",
          "operatingCashFlow": 581018200000.0,
          "capex": -26324400000.0,
          "freeCashFlow": 554693800000.0,
          "dividendsPaid": -36239200000.0,
          "debtIssuance": 722908900000.0,
          "debtRepayment": -353325700000.0
        },
        {
          "date": "2021-03-31",
          "operatingCashFlow": 0,
          "capex": 0,
          "freeCashFlow": 0,
          "dividendsPaid": 0,
          "debtIssuance": 0,
          "debtRepayment": 0
        }
      ],
      "currentMetrics": {
        "pe": 21.97,
        "forwardPE": 23.88,
        "priceToBook": 8.02,
        "priceToSales": 0.06,
        "debtToEquity": 0,
        "currentRatio": 1.5,
        "quickRatio": 1.2,
        "roe": 14.02,
        "roa": 1.75,
        "beta": 0.4
      },
      "lastUpdated": "2026-02-14T19:06:39.394966",
      "dataQuality": "3-statement-model",
      "dataSource": "yfinance"
    },
    "IBN": {
      "symbol": "IBN",
      "name": "ICICI Bank Limited",
      "sector": "Financial Services",
      "industry": "Banks - Regional",
      "price": 30.62,
      "marketCap": 109540057088,
      "sharesOutstanding": 3577402181,
      "incomeStatements": [
        {
          "date": "2025-03-31",
          "revenue": 2047152637000.0,
          "costOfRevenue": 0,
          "grossProfit": 0,
          "operatingExpenses": 0,
          "operatingIncome": 0,
          "ebit": 0,
          "interestExpense": 890276529000.0,
          "pretaxIncome": 730041865000.0,
          "incomeTax": 184348300000.0,
          "netIncome": 510291955000.0
        },
        {
          "date": "2024-03-31",
          "revenue": 1612101952000.0,
          "costOfRevenue": 0,
          "grossProfit": 0,
          "operatingExpenses": 0,
          "operatingIncome": 0,
          "ebit": 0,
          "interestExpense": 741081627000.0,
          "pretaxIncome": 615081303000.0,
          "incomeTax": 154276200000.0,
          "netIncome": 442563735000.0
        },
        {
          "date": "2023-03-31",
          "revenue": 1355811552000.0,
          "costOfRevenue": 0,
          "grossProfit": 0,
          "operatingExpenses": 0,
          "operatingIncome": 0,
          "ebit": 0,
          "interestExpense": 505433879000.0,
          "pretaxIncome": 354613146000.0,
          "incomeTax": 117934400000.0,
          "netIncome": 340366408000.0
        },
        {
          "date": "2022-03-31",
          "revenue": 1163639822000.0,
          "costOfRevenue": 0,
          "grossProfit": 0,
          "operatingExpenses": 0,
          "operatingIncome": 0,
          "ebit": 0,
          "interestExpense": 411666711000.0,
          "pretaxIncome": 265382605000.0,
          "incomeTax": 84574400000.0,
          "netIncome": 251100960000.0
        },
        {
          "date": "2021-03-31",
          "revenue": 0,
          "costOfRevenue": 0,
          "grossProfit": 0,
          "operatingExpenses": 0,
          "operatingIncome": 0,
          "ebit": 0,
          "interestExpense": 0,
          "pretaxIncome": 0,
          "incomeTax": 0,
          "netIncome": 0
        }
      ],
      "balanceSheets": [
        {
          "date": "2025-03-31",
          "cashAndEquivalents": 2383044013000.0,
          "accountsReceivable": 238378033000.0,
          "inventory": 0,
          "currentAssets": 0,
          "ppe": 158124234000.0,
          "totalAssets": 26422414134000.0,
          "accountsPayable": 42154332000.0,
          "currentDebt": 226221340000.0,
          "currentLiabilities": 0,
          "longTermDebt": 1810276137000.0,
          "totalLiabilities": 23134987712000.0,
          "totalEquity": 3287426422000.0
        },
        {
          "date": "2024-03-31",
          "cashAndEquivalents": 1901295868000.0,
          "accountsReceivable": 208551090000.0,
          "inventory": 0,
          "currentAssets": 0,
          "ppe": 132402763000.0,
          "totalAssets": 23640630275000.0,
          "accountsPayable": 38985508000.0,
          "currentDebt": 172960808000.0,
          "currentLiabilities": 0,
          "longTermDebt": 1837026245000.0,
          "totalLiabilities": 20940307767000.0,
          "totalEquity": 2700322508000.0
        },
        {
          "date": "2023-03-31",
          "cashAndEquivalents": 1635673702000.0,
          "accountsReceivable": 151100647000.0,
          "inventory": 0,
          "currentAssets": 0,
          "ppe": 109690036000.0,
          "totalAssets": 19584904970000.0,
          "accountsPayable": 33390137000.0,
          "currentDebt": 98022849000.0,
          "currentLiabilities": 0,
          "longTermDebt": 1737071554000.0,
          "totalLiabilities": 17373059551000.0,
          "totalEquity": 2211845419000.0
        },
        {
          "date": "2022-03-31",
          "cashAndEquivalents": 2135554549000.0,
          "accountsReceivable": 108389915000.0,
          "inventory": 0,
          "currentAssets": 0,
          "ppe": 106054107000.0,
          "totalAssets": 17526373837000.0,
          "accountsPayable": 27524211000.0,
          "currentDebt": 90353072000.0,
          "currentLiabilities": 0,
          "longTermDebt": 1494669159000.0,
          "totalLiabilities": 15646040029000.0,
          "totalEquity": 1880333808000.0
        }
      ],
      "cashFlows": [
        {
          "date": "2025-03-31",
          "operatingCashFlow": 1228052582000.0,
          "capex": -47700055000.0,
          "freeCashFlow": 1180352527000.0,
          "dividendsPaid": -70412665000.0,
          "debtIssuance": 404464948000.0,
          "debtRepayment": -399331062000.0
        },
        {
          "date": "2024-03-31",
          "operatingCashFlow": 1572844783000.0,
          "capex": -36785464000.0,
          "freeCashFlow": 1536059319000.0,
          "dividendsPaid": -55985964000.0,
          "debtIssuance": 391968191000.0,
          "debtRepayment": -391468771000.0
        },
        {
          "date": "2023-03-31",
          "operatingCashFlow": -37711921000.0,
          "capex": -24676808000.0,
          "freeCashFlow": -62388729000.0,
          "dividendsPaid": -34794463000.0,
          "debtIssuance": 417361966000.0,
          "debtRepayment": -268917978000.0
        },
        {
          "date": "2022-03-31",
          "operatingCashFlow": 581114301000.0,
          "capex": -18599746000.0,
          "freeCashFlow": 562514555000.0,
          "dividendsPaid": -13852335000.0,
          "debtIssuance": 356976668000.0,
          "debtRepayment": -346030278000.0
        },
        {
          "date": "2021-03-31",
          "operatingCashFlow": 0,
          "capex": 0,
          "freeCashFlow": 0,
          "dividendsPaid": 0,
          "debtIssuance": 0,
          "debtRepayment": 0
        }
      ],
      "currentMetrics": {
        "pe": 18.9,
        "forwardPE": 17.2,
        "priceToBook": 5.69,
        "priceToSales": 0.06,
        "debtToEquity": 0,
        "currentRatio": 1.5,
        "quickRatio": 1.2,
        "roe": 16.8,
        "roa": 2.14,
        "beta": 0.19
      },
      "lastUpdated": "2026-02-14T19:06:43.266069",
      "dataQuality": "3-statement-model",
      "dataSource": "yfinance"
    },
    "VALE": {
      "symbol": "VALE",
      "name": "Vale S.A.",
      "sector": "Basic Materials",
      "industry": "Other Industrial Metals & Mining",
      "price": 16.65,
      "marketCap": 71075184640,
      "sharesOutstanding": 4268780141,
      "incomeStatements": [
        {
          "date": "2024-12-31",
          "revenue": 38056000000.0,
          "costOfRevenue": 24265000000.0,
          "grossProfit": 13791000000.0,
          "operatingExpenses": 2287000000.0,
          "operatingIncome": 11504000000.0,
          "ebit": 8014000000.0,
          "interestExpense": 1318000000.0,
          "pretaxIncome": 6696000000.0,
          "incomeTax": 721000000.0,
          "netIncome": 6166000000.0
        },
        {
          "date": "2023-12-31",
          "revenue": 41784000000.0,
          "costOfRevenue": 24089000000.0,
          "grossProfit": 17695000000.0,
          "operatingExpenses": 1386000000.0,
          "operatingIncome": 16309000000.0,
          "ebit": 12490000000.0,
          "interestExpense": 1339000000.0,
          "pretaxIncome": 11151000000.0,
          "incomeTax": 3046000000.0,
          "netIncome": 7983000000.0
        },
        {
          "date": "2022-12-31",
          "revenue": 43839000000.0,
          "costOfRevenue": 24028000000.0,
          "grossProfit": 19811000000.0,
          "operatingExpenses": 1537000000.0,
          "operatingIncome": 18274000000.0,
          "ebit": 20726000000.0,
          "interestExpense": 945000000.0,
          "pretaxIncome": 19781000000.0,
          "incomeTax": 2971000000.0,
          "netIncome": 18788000000.0
        },
        {
          "date": "2021-12-31",
          "revenue": 54502000000.0,
          "costOfRevenue": 21729000000.0,
          "grossProfit": 32773000000.0,
          "operatingExpenses": 1283000000.0,
          "operatingIncome": 31490000000.0,
          "ebit": 31094000000.0,
          "interestExpense": 1553000000.0,
          "pretaxIncome": 29541000000.0,
          "incomeTax": 4697000000.0,
          "netIncome": 22445000000.0
        }
      ],
      "balanceSheets": [
        {
          "date": "2024-12-31",
          "cashAndEquivalents": 4953000000.0,
          "accountsReceivable": 2358000000.0,
          "inventory": 4605000000.0,
          "currentAssets": 13481000000.0,
          "ppe": 39984000000.0,
          "totalAssets": 80152000000.0,
          "accountsPayable": 4234000000.0,
          "currentDebt": 1020000000.0,
          "currentLiabilities": 13090000000.0,
          "longTermDebt": 15939000000.0,
          "totalLiabilities": 45624000000.0,
          "totalEquity": 34528000000.0
        },
        {
          "date": "2023-12-31",
          "cashAndEquivalents": 3609000000.0,
          "accountsReceivable": 4197000000.0,
          "inventory": 4684000000.0,
          "currentAssets": 18700000000.0,
          "ppe": 48396000000.0,
          "totalAssets": 94186000000.0,
          "accountsPayable": 5272000000.0,
          "currentDebt": 824000000.0,
          "currentLiabilities": 14655000000.0,
          "longTermDebt": 14521000000.0,
          "totalLiabilities": 53205000000.0,
          "totalEquity": 40981000000.0
        },
        {
          "date": "2022-12-31",
          "cashAndEquivalents": 4736000000.0,
          "accountsReceivable": 4319000000.0,
          "inventory": 4482000000.0,
          "currentAssets": 15526000000.0,
          "ppe": 44938000000.0,
          "totalAssets": 86894000000.0,
          "accountsPayable": 4461000000.0,
          "currentDebt": 307000000.0,
          "currentLiabilities": 13891000000.0,
          "longTermDebt": 13599000000.0,
          "totalLiabilities": 49536000000.0,
          "totalEquity": 37358000000.0
        },
        {
          "date": "2021-12-31",
          "cashAndEquivalents": 11721000000.0,
          "accountsReceivable": 3914000000.0,
          "inventory": 4377000000.0,
          "currentAssets": 22360000000.0,
          "ppe": 41931000000.0,
          "totalAssets": 89442000000.0,
          "accountsPayable": 3475000000.0,
          "currentDebt": 1030000000.0,
          "currentLiabilities": 15198000000.0,
          "longTermDebt": 14569000000.0,
          "totalLiabilities": 54136000000.0,
          "totalEquity": 35306000000.0
        }
      ],
      "cashFlows": [
        {
          "date": "2024-12-31",
          "operatingCashFlow": 9366000000.0,
          "capex": -6447000000.0,
          "freeCashFlow": 2919000000.0,
          "dividendsPaid": -3914000000.0,
          "debtIssuance": 4855000000.0,
          "debtRepayment": -2807000000.0
        },
        {
          "date": "2023-12-31",
          "operatingCashFlow": 13165000000.0,
          "capex": -5920000000.0,
          "freeCashFlow": 7245000000.0,
          "dividendsPaid": -5513000000.0,
          "debtIssuance": 1950000000.0,
          "debtRepayment": -891000000.0
        },
        {
          "date": "2022-12-31",
          "operatingCashFlow": 11485000000.0,
          "capex": -5446000000.0,
          "freeCashFlow": 6039000000.0,
          "dividendsPaid": -6603000000.0,
          "debtIssuance": 1275000000.0,
          "debtRepayment": -2524000000.0
        },
        {
          "date": "2021-12-31",
          "operatingCashFlow": 25679000000.0,
          "capex": -5033000000.0,
          "freeCashFlow": 20646000000.0,
          "dividendsPaid": -13483000000.0,
          "debtIssuance": 930000000.0,
          "debtRepayment": -2142000000.0
        }
      ],
      "currentMetrics": {
        "pe": 30.27,
        "forwardPE": 7.71,
        "priceToBook": 2.07,
        "priceToSales": 1.85,
        "debtToEquity": 54.74,
        "currentRatio": 1.15,
        "quickRatio": 0.72,
        "roe": 5.42,
        "roa": 7.43,
        "beta": 1.0
      },
      "lastUpdated": "2026-02-14T19:06:46.920680",
      "dataQuality": "3-statement-model",
      "dataSource": "yfinance"
    },
    "MELI": {
      "symbol": "MELI",
      "name": "MercadoLibre, Inc.",
      "sector": "Consumer Cyclical",
      "industry": "Internet Retail",
      "price": 1988.26,
      "marketCap": 100799184896,
      "sharesOutstanding": 50697182,
      "incomeStatements": [
        {
          "date": "2024-12-31",
          "revenue": 20777000000.0,
          "costOfRevenue": 11200000000.0,
          "grossProfit": 9577000000.0,
          "operatingExpenses": 6946000000.0,
          "operatingIncome": 2631000000.0,
          "ebit": 2597000000.0,
          "interestExpense": 165000000.0,
          "pretaxIncome": 2432000000.0,
          "incomeTax": 521000000.0,
          "netIncome": 1911000000.0
        },
        {
          "date": "2023-12-31",
          "revenue": 15107000000.0,
          "costOfRevenue": 7517000000.0,
          "grossProfit": 7590000000.0,
          "operatingExpenses": 5383000000.0,
          "operatingIncome": 2207000000.0,
          "ebit": 1727000000.0,
          "interestExpense": 174000000.0,
          "pretaxIncome": 1553000000.0,
          "incomeTax": 569000000.0,
          "netIncome": 987000000.0
        },
        {
          "date": "2022-12-31",
          "revenue": 10780000000.0,
          "costOfRevenue": 5582000000.0,
          "grossProfit": 5198000000.0,
          "operatingExpenses": 4129000000.0,
          "operatingIncome": 1069000000.0,
          "ebit": 915000000.0,
          "interestExpense": 135000000.0,
          "pretaxIncome": 780000000.0,
          "incomeTax": 298000000.0,
          "netIncome": 482000000.0
        },
        {
          "date": "2021-12-31",
          "revenue": 7069000000.0,
          "costOfRevenue": 4064000000.0,
          "grossProfit": 3005000000.0,
          "operatingExpenses": 2564000000.0,
          "operatingIncome": 441000000.0,
          "ebit": 470000000.0,
          "interestExpense": 229000000.0,
          "pretaxIncome": 241000000.0,
          "incomeTax": 149000000.0,
          "netIncome": 83000000.0
        }
      ],
      "balanceSheets": [
        {
          "date": "2024-12-31",
          "cashAndEquivalents": 2635000000.0,
          "accountsReceivable": 255000000.0,
          "inventory": 296000000.0,
          "currentAssets": 20142000000.0,
          "ppe": 2478000000.0,
          "totalAssets": 25196000000.0,
          "accountsPayable": 3196000000.0,
          "currentDebt": 2787000000.0,
          "currentLiabilities": 16603000000.0,
          "longTermDebt": 2806000000.0,
          "totalLiabilities": 20845000000.0,
          "totalEquity": 4351000000.0
        },
        {
          "date": "2023-12-31",
          "cashAndEquivalents": 2556000000.0,
          "accountsReceivable": 156000000.0,
          "inventory": 238000000.0,
          "currentAssets": 14260000000.0,
          "ppe": 2149000000.0,
          "totalAssets": 17612000000.0,
          "accountsPayable": 2117000000.0,
          "currentDebt": 2257000000.0,
          "currentLiabilities": 11263000000.0,
          "longTermDebt": 2107000000.0,
          "totalLiabilities": 14541000000.0,
          "totalEquity": 3071000000.0
        },
        {
          "date": "2022-12-31",
          "cashAndEquivalents": 1910000000.0,
          "accountsReceivable": 130000000.0,
          "inventory": 152000000.0,
          "currentAssets": 10953000000.0,
          "ppe": 1649000000.0,
          "totalAssets": 13736000000.0,
          "accountsPayable": 1393000000.0,
          "currentDebt": 2117000000.0,
          "currentLiabilities": 8562000000.0,
          "longTermDebt": 2590000000.0,
          "totalLiabilities": 11909000000.0,
          "totalEquity": 1827000000.0
        },
        {
          "date": "2021-12-31",
          "cashAndEquivalents": 2585000000.0,
          "accountsReceivable": 98000000.0,
          "inventory": 253000000.0,
          "currentAssets": 8175000000.0,
          "ppe": 1268000000.0,
          "totalAssets": 10101000000.0,
          "accountsPayable": 1036000000.0,
          "currentDebt": 1275000000.0,
          "currentLiabilities": 5837000000.0,
          "longTermDebt": 2197000000.0,
          "totalLiabilities": 8570000000.0,
          "totalEquity": 1531000000.0
        }
      ],
      "cashFlows": [
        {
          "date": "2024-12-31",
          "operatingCashFlow": 7918000000.0,
          "capex": -860000000.0,
          "freeCashFlow": 7058000000.0,
          "dividendsPaid": 0,
          "debtIssuance": 19472000000.0,
          "debtRepayment": -17512000000.0
        },
        {
          "date": "2023-12-31",
          "operatingCashFlow": 5140000000.0,
          "capex": -509000000.0,
          "freeCashFlow": 4631000000.0,
          "dividendsPaid": 0,
          "debtIssuance": 24963000000.0,
          "debtRepayment": -24874000000.0
        },
        {
          "date": "2022-12-31",
          "operatingCashFlow": 2940000000.0,
          "capex": -455000000.0,
          "freeCashFlow": 2485000000.0,
          "dividendsPaid": 0.0,
          "debtIssuance": 17017000000.0,
          "debtRepayment": -15953000000.0
        },
        {
          "date": "2021-12-31",
          "operatingCashFlow": 965000000.0,
          "capex": -609000000.0,
          "freeCashFlow": 356000000.0,
          "dividendsPaid": 0.0,
          "debtIssuance": 9262000000.0,
          "debtRepayment": -8664000000.0
        }
      ],
      "currentMetrics": {
        "pe": 48.54,
        "forwardPE": 33.24,
        "priceToBook": 16.14,
        "priceToSales": 3.85,
        "debtToEquity": 159.3,
        "currentRatio": 1.17,
        "quickRatio": 0.45,
        "roe": 40.65,
        "roa": 6.6,
        "beta": 1.45
      },
      "lastUpdated": "2026-02-14T19:06:50.952607",
      "dataQuality": "3-statement-model",
      "dataSource": "yfinance"
    },
    "NU": {
      "symbol": "NU",
      "name": "Nu Holdings Ltd.",
      "sector": "Financial Services",
      "industry": "Banks - Regional",
      "price": 16.82,
      "marketCap": 81502584832,
      "sharesOutstanding": 3822975011,
      "incomeStatements": [
        {
          "date": "2024-12-31",
          "revenue": 8269605000.0,
          "costOfRevenue": 0,
          "grossProfit": 0,
          "operatingExpenses": 0,
          "operatingIncome": 0,
          "ebit": 0,
          "interestExpense": 2834859000.0,
          "pretaxIncome": 2795198000.0,
          "incomeTax": 823086000.0,
          "netIncome": 1972112000.0
        },
        {
          "date": "2023-12-31",
          "revenue": 5632184000.0,
          "costOfRevenue": 0,
          "grossProfit": 0,
          "operatingExpenses": 0,
          "operatingIncome": 0,
          "ebit": 0,
          "interestExpense": 2036925000.0,
          "pretaxIncome": 1539078000.0,
          "incomeTax": 508548000.0,
          "netIncome": 1030530000.0
        },
        {
          "date": "2022-12-31",
          "revenue": 2971196000.0,
          "costOfRevenue": 0,
          "grossProfit": 0,
          "operatingExpenses": 0,
          "operatingIncome": 0,
          "ebit": 0,
          "interestExpense": 1547903000.0,
          "pretaxIncome": -308901000.0,
          "incomeTax": 55733000.0,
          "netIncome": -364578000.0
        },
        {
          "date": "2021-12-31",
          "revenue": 1145204000.0,
          "costOfRevenue": 0,
          "grossProfit": 0,
          "operatingExpenses": 0,
          "operatingIncome": 0,
          "ebit": 0,
          "interestExpense": 367344000.0,
          "pretaxIncome": -170164000.0,
          "incomeTax": -4830000.0,
          "netIncome": -164993000.0
        }
      ],
      "balanceSheets": [
        {
          "date": "2024-12-31",
          "cashAndEquivalents": 13637271000.0,
          "accountsReceivable": 12259276000.0,
          "inventory": 0,
          "currentAssets": 0,
          "ppe": 46223000.0,
          "totalAssets": 49931214000.0,
          "accountsPayable": 9333541000.0,
          "currentDebt": 222881000.0,
          "currentLiabilities": 0,
          "longTermDebt": 328873000.0,
          "totalLiabilities": 42284138000.0,
          "totalEquity": 7647076000.0
        },
        {
          "date": "2023-12-31",
          "cashAndEquivalents": 13370862000.0,
          "accountsReceivable": 12414101000.0,
          "inventory": 0,
          "currentAssets": 0,
          "ppe": 69753000.0,
          "totalAssets": 43345195000.0,
          "accountsPayable": 9755285000.0,
          "currentDebt": 113595000.0,
          "currentLiabilities": 0,
          "longTermDebt": 806681000.0,
          "totalLiabilities": 36938810000.0,
          "totalEquity": 6406385000.0
        },
        {
          "date": "2022-12-31",
          "cashAndEquivalents": 6890816000.0,
          "accountsReceivable": 8233123000.0,
          "inventory": 0,
          "currentAssets": 0,
          "ppe": 46464000.0,
          "totalAssets": 29934872000.0,
          "accountsPayable": 7054783000.0,
          "currentDebt": 38329000.0,
          "currentLiabilities": 0,
          "longTermDebt": 547239000.0,
          "totalLiabilities": 25044089000.0,
          "totalEquity": 4890783000.0
        },
        {
          "date": "2021-12-31",
          "cashAndEquivalents": 2528529000.0,
          "accountsReceivable": 4780520000.0,
          "inventory": 0,
          "currentAssets": 0,
          "ppe": 20535000.0,
          "totalAssets": 19858681000.0,
          "accountsPayable": 4882159000.0,
          "currentDebt": 0,
          "currentLiabilities": 0,
          "longTermDebt": 157254000.0,
          "totalLiabilities": 15416140000.0,
          "totalEquity": 4442541000.0
        }
      ],
      "cashFlows": [
        {
          "date": "2024-12-31",
          "operatingCashFlow": 2399044000.0,
          "capex": -174990000.0,
          "freeCashFlow": 2224054000.0,
          "dividendsPaid": 0,
          "debtIssuance": 1309890000.0,
          "debtRepayment": -587695000.0
        },
        {
          "date": "2023-12-31",
          "operatingCashFlow": 1266189000.0,
          "capex": -177003000.0,
          "freeCashFlow": 1089186000.0,
          "dividendsPaid": 0,
          "debtIssuance": 469501000.0,
          "debtRepayment": -53434000.0
        },
        {
          "date": "2022-12-31",
          "operatingCashFlow": 755573000.0,
          "capex": -114306000.0,
          "freeCashFlow": 641267000.0,
          "dividendsPaid": 0,
          "debtIssuance": 581142000.0,
          "debtRepayment": -175621000.0
        },
        {
          "date": "2021-12-31",
          "operatingCashFlow": -2924318000.0,
          "capex": -28498000.0,
          "freeCashFlow": -2952816000.0,
          "dividendsPaid": 0,
          "debtIssuance": 116349000.0,
          "debtRepayment": -131313000.0
        }
      ],
      "currentMetrics": {
        "pe": 32.35,
        "forwardPE": 18.45,
        "priceToBook": 7.72,
        "priceToSales": 12.81,
        "debtToEquity": 0,
        "currentRatio": 1.5,
        "quickRatio": 1.2,
        "roe": 27.8,
        "roa": 4.32,
        "beta": 1.08
      },
      "lastUpdated": "2026-02-14T19:06:54.896888",
      "dataQuality": "3-statement-model",
      "dataSource": "yfinance"
    },
    "JPM": {
      "symbol": "JPM",
      "name": "JPMorgan Chase & Co.",
      "sector": "Financial Services",
      "industry": "Banks - Diversified",
      "price": 302.55,
      "marketCap": 823620403200,
      "sharesOutstanding": 2696200000,
      "incomeStatements": [
        {
          "date": "2025-12-31",
          "revenue": 0,
          "costOfRevenue": 0,
          "grossProfit": 0,
          "operatingExpenses": 0,
          "operatingIncome": 0,
          "ebit": 0,
          "interestExpense": 0,
          "pretaxIncome": 0,
          "incomeTax": 0,
          "netIncome": 0
        },
        {
          "date": "2024-12-31",
          "revenue": 169439000000.0,
          "costOfRevenue": 0,
          "grossProfit": 0,
          "operatingExpenses": 0,
          "operatingIncome": 0,
          "ebit": 0,
          "interestExpense": 101350000000.0,
          "pretaxIncome": 75081000000.0,
          "incomeTax": 16610000000.0,
          "netIncome": 58471000000.0
        },
        {
          "date": "2023-12-31",
          "revenue": 154952000000.0,
          "costOfRevenue": 0,
          "grossProfit": 0,
          "operatingExpenses": 0,
          "operatingIncome": 0,
          "ebit": 0,
          "interestExpense": 81321000000.0,
          "pretaxIncome": 61612000000.0,
          "incomeTax": 12060000000.0,
          "netIncome": 49552000000.0
        },
        {
          "date": "2022-12-31",
          "revenue": 127727000000.0,
          "costOfRevenue": 0,
          "grossProfit": 0,
          "operatingExpenses": 0,
          "operatingIncome": 0,
          "ebit": 0,
          "interestExpense": 26097000000.0,
          "pretaxIncome": 46166000000.0,
          "incomeTax": 8490000000.0,
          "netIncome": 37676000000.0
        },
        {
          "date": "2021-12-31",
          "revenue": 121685000000.0,
          "costOfRevenue": 0,
          "grossProfit": 0,
          "operatingExpenses": 0,
          "operatingIncome": 0,
          "ebit": 0,
          "interestExpense": 5553000000.0,
          "pretaxIncome": 59562000000.0,
          "incomeTax": 11228000000.0,
          "netIncome": 48334000000.0
        }
      ],
      "balanceSheets": [
        {
          "date": "2024-12-31",
          "cashAndEquivalents": 469317000000.0,
          "accountsReceivable": 101223000000.0,
          "inventory": 0,
          "currentAssets": 0,
          "ppe": 32223000000.0,
          "totalAssets": 4002814000000.0,
          "accountsPayable": 153153000000.0,
          "currentDebt": 64475000000.0,
          "currentLiabilities": 0,
          "longTermDebt": 389836000000.0,
          "totalLiabilities": 3658056000000.0,
          "totalEquity": 344758000000.0
        },
        {
          "date": "2023-12-31",
          "cashAndEquivalents": 624151000000.0,
          "accountsReceivable": 107363000000.0,
          "inventory": 0,
          "currentAssets": 0,
          "ppe": 30157000000.0,
          "totalAssets": 3875393000000.0,
          "accountsPayable": 161960000000.0,
          "currentDebt": 44712000000.0,
          "currentLiabilities": 0,
          "longTermDebt": 391825000000.0,
          "totalLiabilities": 3547515000000.0,
          "totalEquity": 327878000000.0
        },
        {
          "date": "2022-12-31",
          "cashAndEquivalents": 567234000000.0,
          "accountsReceivable": 125189000000.0,
          "inventory": 0,
          "currentAssets": 0,
          "ppe": 27734000000.0,
          "totalAssets": 3665743000000.0,
          "accountsPayable": 188692000000.0,
          "currentDebt": 44027000000.0,
          "currentLiabilities": 0,
          "longTermDebt": 295865000000.0,
          "totalLiabilities": 3373411000000.0,
          "totalEquity": 292332000000.0
        },
        {
          "date": "2021-12-31",
          "cashAndEquivalents": 740834000000.0,
          "accountsReceivable": 102570000000.0,
          "inventory": 0,
          "currentAssets": 0,
          "ppe": 27070000000.0,
          "totalAssets": 3743567000000.0,
          "accountsPayable": 169172000000.0,
          "currentDebt": 53594000000.0,
          "currentLiabilities": 0,
          "longTermDebt": 301005000000.0,
          "totalLiabilities": 3449440000000.0,
          "totalEquity": 294127000000.0
        }
      ],
      "cashFlows": [
        {
          "date": "2024-12-31",
          "operatingCashFlow": -42012000000.0,
          "capex": 0,
          "freeCashFlow": -42012000000.0,
          "dividendsPaid": -14783000000.0,
          "debtIssuance": 109915000000.0,
          "debtRepayment": -96605000000.0
        },
        {
          "date": "2023-12-31",
          "operatingCashFlow": 12974000000.0,
          "capex": 0,
          "freeCashFlow": 12974000000.0,
          "dividendsPaid": -13463000000.0,
          "debtIssuance": 75417000000.0,
          "debtRepayment": -64880000000.0
        },
        {
          "date": "2022-12-31",
          "operatingCashFlow": 107119000000.0,
          "capex": 0,
          "freeCashFlow": 107119000000.0,
          "dividendsPaid": -13562000000.0,
          "debtIssuance": 78442000000.0,
          "debtRepayment": -45556000000.0
        },
        {
          "date": "2021-12-31",
          "operatingCashFlow": 78084000000.0,
          "capex": 0,
          "freeCashFlow": 78084000000.0,
          "dividendsPaid": -12858000000.0,
          "debtIssuance": 82409000000.0,
          "debtRepayment": -54932000000.0
        }
      ],
      "currentMetrics": {
        "pe": 15.1,
        "forwardPE": 13.09,
        "priceToBook": 2.38,
        "priceToSales": 4.9,
        "debtToEquity": 0,
        "currentRatio": 1.5,
        "quickRatio": 1.2,
        "roe": 16.13,
        "roa": 1.35,
        "beta": 1.05
      },
      "lastUpdated": "2026-02-14T19:06:58.655696",
      "dataQuality": "3-statement-model",
      "dataSource": "yfinance"
    },
    "BAC": {
      "symbol": "BAC",
      "name": "Bank of America Corporation",
      "sector": "Financial Services",
      "industry": "Banks - Diversified",
      "price": 52.55,
      "marketCap": 383746146304,
      "sharesOutstanding": 7212464345,
      "incomeStatements": [
        {
          "date": "2025-12-31",
          "revenue": 0,
          "costOfRevenue": 0,
          "grossProfit": 0,
          "operatingExpenses": 0,
          "operatingIncome": 0,
          "ebit": 0,
          "interestExpense": 0,
          "pretaxIncome": 0,
          "incomeTax": 0,
          "netIncome": 0
        },
        {
          "date": "2024-12-31",
          "revenue": 101887000000.0,
          "costOfRevenue": 0,
          "grossProfit": 0,
          "operatingExpenses": 0,
          "operatingIncome": 0,
          "ebit": 0,
          "interestExpense": 90547000000.0,
          "pretaxIncome": 29254000000.0,
          "incomeTax": 2122000000.0,
          "netIncome": 27132000000.0
        },
        {
          "date": "2023-12-31",
          "revenue": 98581000000.0,
          "costOfRevenue": 0,
          "grossProfit": 0,
          "operatingExpenses": 0,
          "operatingIncome": 0,
          "ebit": 0,
          "interestExpense": 73331000000.0,
          "pretaxIncome": 28342000000.0,
          "incomeTax": 1827000000.0,
          "netIncome": 26515000000.0
        },
        {
          "date": "2022-12-31",
          "revenue": 94950000000.0,
          "costOfRevenue": 0,
          "grossProfit": 0,
          "operatingExpenses": 0,
          "operatingIncome": 0,
          "ebit": 0,
          "interestExpense": 20103000000.0,
          "pretaxIncome": 30969000000.0,
          "incomeTax": 3441000000.0,
          "netIncome": 27528000000.0
        },
        {
          "date": "2021-12-31",
          "revenue": 89113000000.0,
          "costOfRevenue": 0,
          "grossProfit": 0,
          "operatingExpenses": 0,
          "operatingIncome": 0,
          "ebit": 0,
          "interestExpense": 4738000000.0,
          "pretaxIncome": 33976000000.0,
          "incomeTax": 1998000000.0,
          "netIncome": 31978000000.0
        }
      ],
      "balanceSheets": [
        {
          "date": "2024-12-31",
          "cashAndEquivalents": 296486000000.0,
          "accountsReceivable": 82247000000.0,
          "inventory": 0,
          "currentAssets": 0,
          "ppe": 12168000000.0,
          "totalAssets": 3261519000000.0,
          "accountsPayable": 0,
          "currentDebt": 43391000000.0,
          "currentLiabilities": 0,
          "longTermDebt": 283279000000.0,
          "totalLiabilities": 2965960000000.0,
          "totalEquity": 295559000000.0
        },
        {
          "date": "2023-12-31",
          "cashAndEquivalents": 341419000000.0,
          "accountsReceivable": 81881000000.0,
          "inventory": 0,
          "currentAssets": 0,
          "ppe": 11855000000.0,
          "totalAssets": 3180151000000.0,
          "accountsPayable": 0,
          "currentDebt": 32098000000.0,
          "currentLiabilities": 0,
          "longTermDebt": 302204000000.0,
          "totalLiabilities": 2888505000000.0,
          "totalEquity": 291646000000.0
        },
        {
          "date": "2022-12-31",
          "cashAndEquivalents": 237462000000.0,
          "accountsReceivable": 67543000000.0,
          "inventory": 0,
          "currentAssets": 0,
          "ppe": 11510000000.0,
          "totalAssets": 3051375000000.0,
          "accountsPayable": 0,
          "currentDebt": 26932000000.0,
          "currentLiabilities": 0,
          "longTermDebt": 275982000000.0,
          "totalLiabilities": 2778178000000.0,
          "totalEquity": 273197000000.0
        },
        {
          "date": "2021-12-31",
          "cashAndEquivalents": 355365000000.0,
          "accountsReceivable": 72263000000.0,
          "inventory": 0,
          "currentAssets": 0,
          "ppe": 10833000000.0,
          "totalAssets": 3169495000000.0,
          "accountsPayable": 0,
          "currentDebt": 23753000000.0,
          "currentLiabilities": 0,
          "longTermDebt": 280117000000.0,
          "totalLiabilities": 2899429000000.0,
          "totalEquity": 270066000000.0
        }
      ],
      "cashFlows": [
        {
          "date": "2024-12-31",
          "operatingCashFlow": -8805000000.0,
          "capex": 0,
          "freeCashFlow": -8805000000.0,
          "dividendsPaid": -9503000000.0,
          "debtIssuance": 56683000000.0,
          "debtRepayment": -70411000000.0
        },
        {
          "date": "2023-12-31",
          "operatingCashFlow": 44982000000.0,
          "capex": 0,
          "freeCashFlow": 44982000000.0,
          "dividendsPaid": -9087000000.0,
          "debtIssuance": 65396000000.0,
          "debtRepayment": -44571000000.0
        },
        {
          "date": "2022-12-31",
          "operatingCashFlow": -6327000000.0,
          "capex": 0,
          "freeCashFlow": -6327000000.0,
          "dividendsPaid": -8576000000.0,
          "debtIssuance": 65910000000.0,
          "debtRepayment": -34055000000.0
        },
        {
          "date": "2021-12-31",
          "operatingCashFlow": -7193000000.0,
          "capex": 0,
          "freeCashFlow": -7193000000.0,
          "dividendsPaid": -8055000000.0,
          "debtIssuance": 76675000000.0,
          "debtRepayment": -46826000000.0
        }
      ],
      "currentMetrics": {
        "pe": 13.79,
        "forwardPE": 10.6,
        "priceToBook": 1.37,
        "priceToSales": 3.57,
        "debtToEquity": 0,
        "currentRatio": 1.5,
        "quickRatio": 1.2,
        "roe": 10.19,
        "roa": 0.92,
        "beta": 1.27
      },
      "lastUpdated": "2026-02-14T19:07:02.551239",
      "dataQuality": "3-statement-model",
      "dataSource": "yfinance"
    },
    "V": {
      "symbol": "V",
      "name": "Visa Inc.",
      "sector": "Financial Services",
      "industry": "Credit Services",
      "price": 314.08,
      "marketCap": 605558669312,
      "sharesOutstanding": 1681093942,
      "incomeStatements": [
        {
          "date": "2025-09-30",
          "revenue": 40000000000.0,
          "costOfRevenue": 7855000000.0,
          "grossProfit": 32145000000.0,
          "operatingExpenses": 5589000000.0,
          "operatingIncome": 26556000000.0,
          "ebit": 24783000000.0,
          "interestExpense": 589000000.0,
          "pretaxIncome": 24194000000.0,
          "incomeTax": 4136000000.0,
          "netIncome": 20058000000.0
        },
        {
          "date": "2024-09-30",
          "revenue": 35926000000.0,
          "costOfRevenue": 7042000000.0,
          "grossProfit": 28884000000.0,
          "operatingExpenses": 4827000000.0,
          "operatingIncome": 24057000000.0,
          "ebit": 24557000000.0,
          "interestExpense": 641000000.0,
          "pretaxIncome": 23916000000.0,
          "incomeTax": 4173000000.0,
          "netIncome": 19743000000.0
        },
        {
          "date": "2023-09-30",
          "revenue": 32653000000.0,
          "costOfRevenue": 6567000000.0,
          "grossProfit": 26086000000.0,
          "operatingExpenses": 4159000000.0,
          "operatingIncome": 21927000000.0,
          "ebit": 21681000000.0,
          "interestExpense": 644000000.0,
          "pretaxIncome": 21037000000.0,
          "incomeTax": 3764000000.0,
          "netIncome": 17273000000.0
        },
        {
          "date": "2022-09-30",
          "revenue": 29310000000.0,
          "costOfRevenue": 5733000000.0,
          "grossProfit": 23577000000.0,
          "operatingExpenses": 3896000000.0,
          "operatingIncome": 19681000000.0,
          "ebit": 18674000000.0,
          "interestExpense": 538000000.0,
          "pretaxIncome": 18136000000.0,
          "incomeTax": 3179000000.0,
          "netIncome": 14957000000.0
        }
      ],
      "balanceSheets": [
        {
          "date": "2025-09-30",
          "cashAndEquivalents": 17164000000.0,
          "accountsReceivable": 3126000000.0,
          "inventory": 0,
          "currentAssets": 37766000000.0,
          "ppe": 4236000000.0,
          "totalAssets": 99627000000.0,
          "accountsPayable": 555000000.0,
          "currentDebt": 5569000000.0,
          "currentLiabilities": 35048000000.0,
          "longTermDebt": 19602000000.0,
          "totalLiabilities": 61718000000.0,
          "totalEquity": 37909000000.0
        },
        {
          "date": "2024-09-30",
          "cashAndEquivalents": 11975000000.0,
          "accountsReceivable": 2561000000.0,
          "inventory": 0,
          "currentAssets": 34033000000.0,
          "ppe": 3824000000.0,
          "totalAssets": 94511000000.0,
          "accountsPayable": 479000000.0,
          "currentDebt": 0,
          "currentLiabilities": 26517000000.0,
          "longTermDebt": 20836000000.0,
          "totalLiabilities": 55374000000.0,
          "totalEquity": 39137000000.0
        },
        {
          "date": "2023-09-30",
          "cashAndEquivalents": 16286000000.0,
          "accountsReceivable": 2291000000.0,
          "inventory": 0,
          "currentAssets": 33532000000.0,
          "ppe": 3425000000.0,
          "totalAssets": 90499000000.0,
          "accountsPayable": 375000000.0,
          "currentDebt": 0,
          "currentLiabilities": 23098000000.0,
          "longTermDebt": 20463000000.0,
          "totalLiabilities": 51766000000.0,
          "totalEquity": 38733000000.0
        },
        {
          "date": "2022-09-30",
          "cashAndEquivalents": 15689000000.0,
          "accountsReceivable": 2020000000.0,
          "inventory": 0,
          "currentAssets": 30205000000.0,
          "ppe": 3223000000.0,
          "totalAssets": 85501000000.0,
          "accountsPayable": 340000000.0,
          "currentDebt": 2250000000.0,
          "currentLiabilities": 20853000000.0,
          "longTermDebt": 20200000000.0,
          "totalLiabilities": 49920000000.0,
          "totalEquity": 35581000000.0
        },
        {
          "date": "2021-09-30",
          "cashAndEquivalents": 0,
          "accountsReceivable": 0,
          "inventory": 0,
          "currentAssets": 0,
          "ppe": 0,
          "totalAssets": 0,
          "accountsPayable": 0,
          "currentDebt": 999000000.0,
          "currentLiabilities": 0,
          "longTermDebt": 0,
          "totalLiabilities": 0,
          "totalEquity": 0
        }
      ],
      "cashFlows": [
        {
          "date": "2025-09-30",
          "operatingCashFlow": 23059000000.0,
          "capex": -1482000000.0,
          "freeCashFlow": 21577000000.0,
          "dividendsPaid": -4634000000.0,
          "debtIssuance": 3924000000.0,
          "debtRepayment": 0.0
        },
        {
          "date": "2024-09-30",
          "operatingCashFlow": 19950000000.0,
          "capex": -1257000000.0,
          "freeCashFlow": 18693000000.0,
          "dividendsPaid": -4217000000.0,
          "debtIssuance": 0.0,
          "debtRepayment": 0.0
        },
        {
          "date": "2023-09-30",
          "operatingCashFlow": 20755000000.0,
          "capex": -1059000000.0,
          "freeCashFlow": 19696000000.0,
          "dividendsPaid": -3751000000.0,
          "debtIssuance": 0.0,
          "debtRepayment": -2250000000.0
        },
        {
          "date": "2022-09-30",
          "operatingCashFlow": 18849000000.0,
          "capex": -970000000.0,
          "freeCashFlow": 17879000000.0,
          "dividendsPaid": -3203000000.0,
          "debtIssuance": 3218000000.0,
          "debtRepayment": -1000000000.0
        },
        {
          "date": "2021-09-30",
          "operatingCashFlow": 0,
          "capex": 0,
          "freeCashFlow": 0,
          "dividendsPaid": 0,
          "debtIssuance": 0,
          "debtRepayment": 0
        }
      ],
      "currentMetrics": {
        "pe": 29.49,
        "forwardPE": 21.61,
        "priceToBook": 15.68,
        "priceToSales": 14.63,
        "debtToEquity": 54.61,
        "currentRatio": 1.11,
        "quickRatio": 0.72,
        "roe": 53.95,
        "roa": 18.36,
        "beta": 0.78
      },
      "lastUpdated": "2026-02-14T19:07:06.529391",
      "dataQuality": "3-statement-model",
      "dataSource": "yfinance"
    },
    "MA": {
      "symbol": "MA",
      "name": "Mastercard Incorporated",
      "sector": "Financial Services",
      "industry": "Credit Services",
      "price": 518.36,
      "marketCap": 462603976704,
      "sharesOutstanding": 885216386,
      "incomeStatements": [
        {
          "date": "2025-12-31",
          "revenue": 32791000000.0,
          "costOfRevenue": 7251000000.0,
          "grossProfit": 25540000000.0,
          "operatingExpenses": 6026000000.0,
          "operatingIncome": 19514000000.0,
          "ebit": 19300000000.0,
          "interestExpense": 722000000.0,
          "pretaxIncome": 18578000000.0,
          "incomeTax": 3610000000.0,
          "netIncome": 14968000000.0
        },
        {
          "date": "2024-12-31",
          "revenue": 28167000000.0,
          "costOfRevenue": 6673000000.0,
          "grossProfit": 21494000000.0,
          "operatingExpenses": 5167000000.0,
          "operatingIncome": 16327000000.0,
          "ebit": 15900000000.0,
          "interestExpense": 646000000.0,
          "pretaxIncome": 15254000000.0,
          "incomeTax": 2380000000.0,
          "netIncome": 12874000000.0
        },
        {
          "date": "2023-12-31",
          "revenue": 25098000000.0,
          "costOfRevenue": 6022000000.0,
          "grossProfit": 19076000000.0,
          "operatingExpenses": 4446000000.0,
          "operatingIncome": 14630000000.0,
          "ebit": 14214000000.0,
          "interestExpense": 575000000.0,
          "pretaxIncome": 13639000000.0,
          "incomeTax": 2444000000.0,
          "netIncome": 11195000000.0
        },
        {
          "date": "2022-12-31",
          "revenue": 22237000000.0,
          "costOfRevenue": 5263000000.0,
          "grossProfit": 16974000000.0,
          "operatingExpenses": 4252000000.0,
          "operatingIncome": 12722000000.0,
          "ebit": 12203000000.0,
          "interestExpense": 471000000.0,
          "pretaxIncome": 11732000000.0,
          "incomeTax": 1802000000.0,
          "netIncome": 9930000000.0
        }
      ],
      "balanceSheets": [
        {
          "date": "2025-12-31",
          "cashAndEquivalents": 10566000000.0,
          "accountsReceivable": 4609000000.0,
          "inventory": 0,
          "currentAssets": 23558000000.0,
          "ppe": 2303000000.0,
          "totalAssets": 54157000000.0,
          "accountsPayable": 999000000.0,
          "currentDebt": 749000000.0,
          "currentLiabilities": 22762000000.0,
          "longTermDebt": 18251000000.0,
          "totalLiabilities": 46411000000.0,
          "totalEquity": 7746000000.0
        },
        {
          "date": "2024-12-31",
          "cashAndEquivalents": 8442000000.0,
          "accountsReceivable": 3773000000.0,
          "inventory": 0,
          "currentAssets": 19724000000.0,
          "ppe": 2138000000.0,
          "totalAssets": 48081000000.0,
          "accountsPayable": 929000000.0,
          "currentDebt": 750000000.0,
          "currentLiabilities": 19220000000.0,
          "longTermDebt": 17476000000.0,
          "totalLiabilities": 41566000000.0,
          "totalEquity": 6515000000.0
        },
        {
          "date": "2023-12-31",
          "cashAndEquivalents": 8588000000.0,
          "accountsReceivable": 4060000000.0,
          "inventory": 0,
          "currentAssets": 18961000000.0,
          "ppe": 2061000000.0,
          "totalAssets": 42448000000.0,
          "accountsPayable": 834000000.0,
          "currentDebt": 1337000000.0,
          "currentLiabilities": 16264000000.0,
          "longTermDebt": 14344000000.0,
          "totalLiabilities": 35451000000.0,
          "totalEquity": 6997000000.0
        },
        {
          "date": "2022-12-31",
          "cashAndEquivalents": 7008000000.0,
          "accountsReceivable": 3425000000.0,
          "inventory": 0,
          "currentAssets": 16606000000.0,
          "ppe": 2006000000.0,
          "totalAssets": 38724000000.0,
          "accountsPayable": 926000000.0,
          "currentDebt": 274000000.0,
          "currentLiabilities": 14171000000.0,
          "longTermDebt": 13749000000.0,
          "totalLiabilities": 32347000000.0,
          "totalEquity": 6377000000.0
        },
        {
          "date": "2021-12-31",
          "cashAndEquivalents": 0,
          "accountsReceivable": 0,
          "inventory": 0,
          "currentAssets": 0,
          "ppe": 0,
          "totalAssets": 0,
          "accountsPayable": 0,
          "currentDebt": 0,
          "currentLiabilities": 0,
          "longTermDebt": 0,
          "totalLiabilities": 0,
          "totalEquity": 0
        }
      ],
      "cashFlows": [
        {
          "date": "2025-12-31",
          "operatingCashFlow": 17648000000.0,
          "capex": -1215000000.0,
          "freeCashFlow": 16433000000.0,
          "dividendsPaid": -2756000000.0,
          "debtIssuance": 1242000000.0,
          "debtRepayment": -750000000.0
        },
        {
          "date": "2024-12-31",
          "operatingCashFlow": 14780000000.0,
          "capex": -1194000000.0,
          "freeCashFlow": 13586000000.0,
          "dividendsPaid": -2448000000.0,
          "debtIssuance": 3960000000.0,
          "debtRepayment": -1336000000.0
        },
        {
          "date": "2023-12-31",
          "operatingCashFlow": 11980000000.0,
          "capex": -1088000000.0,
          "freeCashFlow": 10892000000.0,
          "dividendsPaid": -2158000000.0,
          "debtIssuance": 1554000000.0,
          "debtRepayment": 0.0
        },
        {
          "date": "2022-12-31",
          "operatingCashFlow": 11195000000.0,
          "capex": -1097000000.0,
          "freeCashFlow": 10098000000.0,
          "dividendsPaid": -1903000000.0,
          "debtIssuance": 1123000000.0,
          "debtRepayment": -724000000.0
        }
      ],
      "currentMetrics": {
        "pe": 31.34,
        "forwardPE": 22.93,
        "priceToBook": 59.9,
        "priceToSales": 14.11,
        "debtToEquity": 256.04,
        "currentRatio": 1.03,
        "quickRatio": 0.68,
        "roe": 209.91,
        "roa": 23.72,
        "beta": 0.82
      },
      "lastUpdated": "2026-02-14T19:07:10.371761",
      "dataQuality": "3-statement-model",
      "dataSource": "yfinance"
    },
    "SPY": {
      "symbol": "SPY",
      "name": "State Street SPDR S&P 500 ETF Trust",
      "sector": "Technology",
      "industry": "Software",
      "price": 681.75,
      "marketCap": 625697882112,
      "sharesOutstanding": 917782016,
      "incomeStatements": [],
      "balanceSheets": [],
      "cashFlows": [],
      "currentMetrics": {
        "pe": 27.45,
        "forwardPE": 0,
        "priceToBook": 1.59,
        "priceToSales": 0,
        "debtToEquity": 0,
        "currentRatio": 1.5,
        "quickRatio": 1.2,
        "roe": 12.0,
        "roa": 8.0,
        "beta": 1.0
      },
      "lastUpdated": "2026-02-14T19:07:13.733625",
      "dataQuality": "3-statement-model",
      "dataSource": "yfinance"
    },
    "QQQ": {
      "symbol": "QQQ",
      "name": "Invesco QQQ Trust",
      "sector": "Technology",
      "industry": "Software",
      "price": 601.92,
      "marketCap": 236614746112,
      "sharesOutstanding": 393100000,
      "incomeStatements": [],
      "balanceSheets": [],
      "cashFlows": [],
      "currentMetrics": {
        "pe": 32.01,
        "forwardPE": 0,
        "priceToBook": 1.68,
        "priceToSales": 0,
        "debtToEquity": 0,
        "currentRatio": 1.5,
        "quickRatio": 1.2,
        "roe": 12.0,
        "roa": 8.0,
        "beta": 1.0
      },
      "lastUpdated": "2026-02-14T19:07:16.987537",
      "dataQuality": "3-statement-model",
      "dataSource": "yfinance"
    },
    "DIA": {
      "symbol": "DIA",
      "name": "SPDR Dow Jones Industrial Average ETF Trust",
      "sector": "Technology",
      "industry": "Software",
      "price": 495.28,
      "marketCap": 40237981696,
      "sharesOutstanding": 81242896,
      "incomeStatements": [],
      "balanceSheets": [],
      "cashFlows": [],
      "currentMetrics": {
        "pe": 23.9,
        "forwardPE": 0,
        "priceToBook": 1.38,
        "priceToSales": 0,
        "debtToEquity": 0,
        "currentRatio": 1.5,
        "quickRatio": 1.2,
        "roe": 12.0,
        "roa": 8.0,
        "beta": 1.0
      },
      "lastUpdated": "2026-02-14T19:07:20.359818",
      "dataQuality": "3-statement-model",
      "dataSource": "yfinance"
    },
    "WMT": {
      "symbol": "WMT",
      "name": "Walmart Inc.",
      "sector": "Consumer Defensive",
      "industry": "Discount Stores",
      "price": 133.89,
      "marketCap": 1067485036544,
      "sharesOutstanding": 7970166964,
      "incomeStatements": [
        {
          "date": "2025-01-31",
          "revenue": 680985000000.0,
          "costOfRevenue": 511753000000.0,
          "grossProfit": 169232000000.0,
          "operatingExpenses": 139884000000.0,
          "operatingIncome": 29348000000.0,
          "ebit": 29037000000.0,
          "interestExpense": 2728000000.0,
          "pretaxIncome": 26309000000.0,
          "incomeTax": 6152000000.0,
          "netIncome": 19436000000.0
        },
        {
          "date": "2024-01-31",
          "revenue": 648125000000.0,
          "costOfRevenue": 490142000000.0,
          "grossProfit": 157983000000.0,
          "operatingExpenses": 130971000000.0,
          "operatingIncome": 27012000000.0,
          "ebit": 24531000000.0,
          "interestExpense": 2683000000.0,
          "pretaxIncome": 21848000000.0,
          "incomeTax": 5578000000.0,
          "netIncome": 15511000000.0
        },
        {
          "date": "2023-01-31",
          "revenue": 611289000000.0,
          "costOfRevenue": 463721000000.0,
          "grossProfit": 147568000000.0,
          "operatingExpenses": 127140000000.0,
          "operatingIncome": 20428000000.0,
          "ebit": 19144000000.0,
          "interestExpense": 2128000000.0,
          "pretaxIncome": 17016000000.0,
          "incomeTax": 5724000000.0,
          "netIncome": 11680000000.0
        },
        {
          "date": "2022-01-31",
          "revenue": 572754000000.0,
          "costOfRevenue": 429000000000.0,
          "grossProfit": 143754000000.0,
          "operatingExpenses": 117812000000.0,
          "operatingIncome": 25942000000.0,
          "ebit": 20690000000.0,
          "interestExpense": 1994000000.0,
          "pretaxIncome": 18696000000.0,
          "incomeTax": 4756000000.0,
          "netIncome": 13673000000.0
        }
      ],
      "balanceSheets": [
        {
          "date": "2025-01-31",
          "cashAndEquivalents": 9037000000.0,
          "accountsReceivable": 9975000000.0,
          "inventory": 56435000000.0,
          "currentAssets": 79458000000.0,
          "ppe": 139704000000.0,
          "totalAssets": 260823000000.0,
          "accountsPayable": 58666000000.0,
          "currentDebt": 5666000000.0,
          "currentLiabilities": 96584000000.0,
          "longTermDebt": 33401000000.0,
          "totalLiabilities": 163131000000.0,
          "totalEquity": 97692000000.0
        },
        {
          "date": "2024-01-31",
          "cashAndEquivalents": 9867000000.0,
          "accountsReceivable": 8796000000.0,
          "inventory": 54892000000.0,
          "currentAssets": 76877000000.0,
          "ppe": 130338000000.0,
          "totalAssets": 252399000000.0,
          "accountsPayable": 56812000000.0,
          "currentDebt": 4325000000.0,
          "currentLiabilities": 92415000000.0,
          "longTermDebt": 36132000000.0,
          "totalLiabilities": 161828000000.0,
          "totalEquity": 90571000000.0
        },
        {
          "date": "2023-01-31",
          "cashAndEquivalents": 8625000000.0,
          "accountsReceivable": 7933000000.0,
          "inventory": 56576000000.0,
          "currentAssets": 75655000000.0,
          "ppe": 119234000000.0,
          "totalAssets": 243197000000.0,
          "accountsPayable": 53742000000.0,
          "currentDebt": 4563000000.0,
          "currentLiabilities": 92198000000.0,
          "longTermDebt": 34649000000.0,
          "totalLiabilities": 159206000000.0,
          "totalEquity": 83991000000.0
        },
        {
          "date": "2022-01-31",
          "cashAndEquivalents": 14760000000.0,
          "accountsReceivable": 8280000000.0,
          "inventory": 56511000000.0,
          "currentAssets": 81070000000.0,
          "ppe": 112624000000.0,
          "totalAssets": 244860000000.0,
          "accountsPayable": 55261000000.0,
          "currentDebt": 3213000000.0,
          "currentLiabilities": 87379000000.0,
          "longTermDebt": 34864000000.0,
          "totalLiabilities": 152969000000.0,
          "totalEquity": 91891000000.0
        }
      ],
      "cashFlows": [
        {
          "date": "2025-01-31",
          "operatingCashFlow": 36443000000.0,
          "capex": -23783000000.0,
          "freeCashFlow": 12660000000.0,
          "dividendsPaid": -6688000000.0,
          "debtIssuance": 0.0,
          "debtRepayment": -3468000000.0
        },
        {
          "date": "2024-01-31",
          "operatingCashFlow": 35726000000.0,
          "capex": -20606000000.0,
          "freeCashFlow": 15120000000.0,
          "dividendsPaid": -6140000000.0,
          "debtIssuance": 4967000000.0,
          "debtRepayment": -4217000000.0
        },
        {
          "date": "2023-01-31",
          "operatingCashFlow": 28841000000.0,
          "capex": -16857000000.0,
          "freeCashFlow": 11984000000.0,
          "dividendsPaid": -6114000000.0,
          "debtIssuance": 5041000000.0,
          "debtRepayment": -2689000000.0
        },
        {
          "date": "2022-01-31",
          "operatingCashFlow": 24181000000.0,
          "capex": -13106000000.0,
          "freeCashFlow": 11075000000.0,
          "dividendsPaid": -6152000000.0,
          "debtIssuance": 6945000000.0,
          "debtRepayment": -13010000000.0
        }
      ],
      "currentMetrics": {
        "pe": 46.65,
        "forwardPE": 45.2,
        "priceToBook": 11.11,
        "priceToSales": 1.52,
        "debtToEquity": 66.75,
        "currentRatio": 0.8,
        "quickRatio": 0.2,
        "roe": 23.66,
        "roa": 6.54,
        "beta": 0.67
      },
      "lastUpdated": "2026-02-14T19:07:24.189843",
      "dataQuality": "3-statement-model",
      "dataSource": "yfinance"
    },
    "DIS": {
      "symbol": "DIS",
      "name": "The Walt Disney Company",
      "sector": "Communication Services",
      "industry": "Entertainment",
      "price": 105.45,
      "marketCap": 187003650048,
      "sharesOutstanding": 1771519851,
      "incomeStatements": [
        {
          "date": "2025-09-30",
          "revenue": 94425000000.0,
          "costOfRevenue": 58766000000.0,
          "grossProfit": 35659000000.0,
          "operatingExpenses": 21827000000.0,
          "operatingIncome": 13832000000.0,
          "ebit": 13815000000.0,
          "interestExpense": 1812000000.0,
          "pretaxIncome": 12003000000.0,
          "incomeTax": -1428000000.0,
          "netIncome": 12404000000.0
        },
        {
          "date": "2024-09-30",
          "revenue": 91361000000.0,
          "costOfRevenue": 58698000000.0,
          "grossProfit": 32663000000.0,
          "operatingExpenses": 20749000000.0,
          "operatingIncome": 11914000000.0,
          "ebit": 9639000000.0,
          "interestExpense": 2070000000.0,
          "pretaxIncome": 7569000000.0,
          "incomeTax": 1796000000.0,
          "netIncome": 4972000000.0
        },
        {
          "date": "2023-09-30",
          "revenue": 88898000000.0,
          "costOfRevenue": 59201000000.0,
          "grossProfit": 29697000000.0,
          "operatingExpenses": 20705000000.0,
          "operatingIncome": 8992000000.0,
          "ebit": 6742000000.0,
          "interestExpense": 1973000000.0,
          "pretaxIncome": 4769000000.0,
          "incomeTax": 1379000000.0,
          "netIncome": 2354000000.0
        },
        {
          "date": "2022-09-30",
          "revenue": 82722000000.0,
          "costOfRevenue": 54401000000.0,
          "grossProfit": 28321000000.0,
          "operatingExpenses": 21551000000.0,
          "operatingIncome": 6770000000.0,
          "ebit": 6834000000.0,
          "interestExpense": 1549000000.0,
          "pretaxIncome": 5285000000.0,
          "incomeTax": 1732000000.0,
          "netIncome": 3145000000.0
        },
        {
          "date": "2021-09-30",
          "revenue": 0,
          "costOfRevenue": 0,
          "grossProfit": 0,
          "operatingExpenses": 0,
          "operatingIncome": 0,
          "ebit": 0,
          "interestExpense": 0,
          "pretaxIncome": 0,
          "incomeTax": 0,
          "netIncome": 0
        }
      ],
      "balanceSheets": [
        {
          "date": "2025-09-30",
          "cashAndEquivalents": 5695000000.0,
          "accountsReceivable": 10434000000.0,
          "inventory": 2134000000.0,
          "currentAssets": 24267000000.0,
          "ppe": 41255000000.0,
          "totalAssets": 197514000000.0,
          "accountsPayable": 15055000000.0,
          "currentDebt": 6711000000.0,
          "currentLiabilities": 34162000000.0,
          "longTermDebt": 35315000000.0,
          "totalLiabilities": 82902000000.0,
          "totalEquity": 114612000000.0
        },
        {
          "date": "2024-09-30",
          "cashAndEquivalents": 6002000000.0,
          "accountsReceivable": 10341000000.0,
          "inventory": 2022000000.0,
          "currentAssets": 25241000000.0,
          "ppe": 37041000000.0,
          "totalAssets": 196219000000.0,
          "accountsPayable": 14796000000.0,
          "currentDebt": 6845000000.0,
          "currentLiabilities": 34599000000.0,
          "longTermDebt": 38970000000.0,
          "totalLiabilities": 90697000000.0,
          "totalEquity": 105522000000.0
        },
        {
          "date": "2023-09-30",
          "cashAndEquivalents": 14182000000.0,
          "accountsReceivable": 10179000000.0,
          "inventory": 1963000000.0,
          "currentAssets": 32763000000.0,
          "ppe": 34941000000.0,
          "totalAssets": 205579000000.0,
          "accountsPayable": 15125000000.0,
          "currentDebt": 4330000000.0,
          "currentLiabilities": 31139000000.0,
          "longTermDebt": 42101000000.0,
          "totalLiabilities": 92567000000.0,
          "totalEquity": 113012000000.0
        },
        {
          "date": "2022-09-30",
          "cashAndEquivalents": 11615000000.0,
          "accountsReceivable": 10811000000.0,
          "inventory": 1742000000.0,
          "currentAssets": 29098000000.0,
          "ppe": 33596000000.0,
          "totalAssets": 203631000000.0,
          "accountsPayable": 16205000000.0,
          "currentDebt": 3070000000.0,
          "currentLiabilities": 29073000000.0,
          "longTermDebt": 45299000000.0,
          "totalLiabilities": 95253000000.0,
          "totalEquity": 108378000000.0
        },
        {
          "date": "2021-09-30",
          "cashAndEquivalents": 0,
          "accountsReceivable": 0,
          "inventory": 0,
          "currentAssets": 0,
          "ppe": 0,
          "totalAssets": 0,
          "accountsPayable": 0,
          "currentDebt": 0,
          "currentLiabilities": 0,
          "longTermDebt": 0,
          "totalLiabilities": 0,
          "totalEquity": 0
        }
      ],
      "cashFlows": [
        {
          "date": "2025-09-30",
          "operatingCashFlow": 18101000000.0,
          "capex": -8024000000.0,
          "freeCashFlow": 10077000000.0,
          "dividendsPaid": -1803000000.0,
          "debtIssuance": 1057000000.0,
          "debtRepayment": -3735000000.0
        },
        {
          "date": "2024-09-30",
          "operatingCashFlow": 13971000000.0,
          "capex": -5412000000.0,
          "freeCashFlow": 8559000000.0,
          "dividendsPaid": -1366000000.0,
          "debtIssuance": 132000000.0,
          "debtRepayment": -3064000000.0
        },
        {
          "date": "2023-09-30",
          "operatingCashFlow": 9866000000.0,
          "capex": -4969000000.0,
          "freeCashFlow": 4897000000.0,
          "dividendsPaid": 0.0,
          "debtIssuance": 83000000.0,
          "debtRepayment": -1675000000.0
        },
        {
          "date": "2022-09-30",
          "operatingCashFlow": 6010000000.0,
          "capex": -4943000000.0,
          "freeCashFlow": 1067000000.0,
          "dividendsPaid": 0.0,
          "debtIssuance": 333000000.0,
          "debtRepayment": -4016000000.0
        },
        {
          "date": "2021-09-30",
          "operatingCashFlow": 0,
          "capex": 0,
          "freeCashFlow": 0,
          "dividendsPaid": 0,
          "debtIssuance": 0,
          "debtRepayment": 0
        }
      ],
      "currentMetrics": {
        "pe": 15.53,
        "forwardPE": 14.32,
        "priceToBook": 1.73,
        "priceToSales": 1.95,
        "debtToEquity": 40.91,
        "currentRatio": 0.67,
        "quickRatio": 0.55,
        "roe": 12.02,
        "roa": 4.37,
        "beta": 1.42
      },
      "lastUpdated": "2026-02-14T19:07:28.288679",
      "dataQuality": "3-statement-model",
      "dataSource": "yfinance"
    }
  }
}